5184 6600
880 966 981 1087 De
1020 960 1370 1134 Hyperbola.
1516 867 1518 870 ·
1667 1005 1782 1122 137

447 1192 666 1273 describatur
676 1183 830 1264 circulus
841 1188 963 1278 DKE,
975 1189 1341 1291 curvam'hyperbolae
1354 1189 1390 1263 in
1401 1184 1639 1289 punEtisDAE
1652 1187 1782 1265 secans.
1834 1237 1842 1254 .

437 1314 611 1385 Ducatur
627 1305 722 1404 rePca
738 1304 810 1376 DE
827 1322 865 1377 et
883 1302 1045 1378 bifariam
1061 1304 1193 1381 secetur
1211 1307 1246 1379 in
1265 1307 1400 1403 punfto
1419 1308 1452 1394 1,
1478 1323 1513 1378 et
1529 1329 1591 1401 per
1608 1305 1784 1403 punctum

448 1427 467 1501 Ι
483 1427 634 1499 dueatur
650 1417 839 1493 transversa
854 1418 1027 1493 diameter
1042 1420 1119 1494 AB.
1169 1421 1333 1494 Ducatur
1348 1420 1500 1495 secunda
1516 1419 1686 1493 diameter
1702 1420 1784 1493 LM

448 1540 554 1614 resta
568 1535 640 1610 DE
655 1532 844 1631 parallela;
871 1549 909 1605 et
925 1530 1089 1605 diametri
1104 1534 1184 1623 AB,
1202 1535 1286 1608 LM
1303 1529 1385 1608 ax'es
1400 1549 1513 1607 erunt.

498 1646 726 1724 Rectaenim
741 1646 811 1719 DE
836 1641 1003 1717 bifariam
1027 1642 1189 1721 secatur
1180 1674 1215 1722 m
1236 1647 1419 1747 pundol,
1431 1648 1594 1745 ideoque
1613 1647 1786 1722 diametro
1877 1675 1883 1687 ·

451 1768 519 1839 AB
539 1764 701 1839 ordinata
727 1758 788 1833 est.
832 1758 970 1856 Anguli
993 1768 1118 1832 autem
1136 1759 1248 1850 EIA,
1264 1762 1360 1877 DIA
1386 1758 1465 1834 sunt
1488 1760 1573 1842 redi
1602 1762 1659 1859 (3.
1678 1763 1785 1855 3.)et

439 1888 648 1980 propterea,
665 1898 729 1975 per
745 1870 831 1947 Des.
853 1877 886 1947 8.
913 1873 962 1946 est
980 1873 1045 1946 AB
1062 1874 1165 1950 axis.
1302 1907 1305 1912 >

501 1992 651 2078 Rursus,
670 1988 844 2087 quoniam
870 1986 1044 2061 diameter
1059 1991 1143 2062 LM
1164 1989 1334 2065 ordinatae
1350 1989 1420 2063 DE
1437 1989 1486 2062 est
1508 1989 1684 2087 paralleia,
1710 1990 1785 2063 dia·
1845 2030 1856 2074 .·
1929 2023 1931 2027 ·

453 2108 558 2181 metri
584 2109 667 2192 AB,
685 2105 766 2177 LM
790 2104 870 2177 sunt
899 2128 966 2176 con
962 2101 1113 2201 j‚ugatae
1139 2129 1201 2203 per
1224 2106 1351 2203 Prop
1348 2128 1429 2195 14,
1457 2120 1494 2175 et
1513 2127 1576 2201 per
1601 2103 1707 2200 Prop.
1730 2127 1785 2193 ¹4·

454 2230 507 2321 (et
527 2246 585 2318 29.
605 2220 657 2313 1.)
676 2220 848 2292 diameter
869 2220 953 2291 LM
975 2215 1288 2291 bifariamsecabit
1307 2217 1386 2291 suas
1408 2216 1587 2289 ordinatas
1610 2217 1655 2290 ad
1677 2218 1788 2291 rectos

455 2335 617 2432 angulos.
659 2331 760 2427 Ergo
777 2357 842 2428 per
850 2329 936 2406 Def.
957 2351 989 2427 ς.
1008 2348 1045 2404 et
1063 2337 1095 2405 8.
1113 2332 1164 2404 est
1180 2331 1263 2404 LM
1280 2331 1366 2405 axis.

505 2450 585 2525 Axis
600 2447 664 2521 AB
680 2445 800 2521 dicitur
815 2448 886 2519 aris
901 2445 1109 2541 transversus,
1134 2452 1205 2522 axis
1219 2471 1297 2521 vero
1314 2450 1402 2523 LM
1409 2452 1479 2522 axis
1495 2448 1688 2545 conjugatas.

881 2722 973 2803 PR
994 2722 1032 2801 Ο
1054 2718 1358 2802 P.XXV111.

455 2922 698 3033 Hyperbolae
716 2919 795 3002 duo
815 2936 972 3006 tantum
992 2925 1081 3007 sunt
1100 2948 1215 3052 artes,
1243 2939 1282 3007 et
1302 2922 1486 3007 omnium
1506 2921 1789 3038 diametrorum

513 3073 602 3127 axes
623 3046 711 3126 sunt
730 3045 923 3127 minima.

455 3271 545 3345 Pars
561 3270 590 3346 Ι.
717 3271 1003 3348 YPERBOLAE
1028 3272 1129 3347 AEF
1152 3270 1194 3344 fit
1220 3269 1291 3344 axis
1311 3268 1519 3345 transversus
1543 3268 1626 3358 GE,-
1654 3289 1690 3346 et
1708 3271 1792 3346 LM
1830 3290 1906 3353 fre.
1923 3309 1972 3367 ²4»

444 3406 451 3415 ·
744 3384 819 3483 ejus
838 3386 1051 3488 conjugatus
1069 3388 1167 3472 axis;
1196 3385 1264 3459 alia
1279 3385 1452 3458 diameter
1470 3406 1540 3456 non
1557 3381 1606 3457 est
1623 3386 1709 3461 axis.
1750 3456 1754 3464 ,

506 3503 604 3575 Nam
623 3500 663 3573 fit
680 3518 842 3575 centrum
858 3504 914 3588 C;
941 3505 1019 3578 etsr
1046 3503 1120 3577 fieri
1139 3500 1267 3602 potest,
1292 3500 1334 3573 srt
1350 3500 1522 3573 diameter
1538 3498 1606 3571 DF
1623 3498 1792 3576 transver-

458 3613 514 3687 sus
531 3615 617 3703 axis,
639 3633 677 3688 et
698 3614 772 3712 ejus
793 3613 983 3713 conjugata
1004 3615 1175 3688 diameter
1197 3613 1276 3685 KP.
1317 3611 1514 3705 Contingat
1532 3608 1627 3682 redia
1641 3610 1709 3683 Fr
1723 3609 1793 3704 hy-

458 3731 643 3828 perbolam
661 3731 763 3803 AEF
780 3734 816 3802 in
832 3730 965 3829 puncto
982 3730 1012 3801 F
1030 3748 1064 3800 et
1081 3745 1241 3802 occurrat
1259 3725 1315 3798 axi
1333 3725 1402 3798 GE
1421 3725 1457 3798 in
1474 3726 1524 3798 T.
1566 3726 1728 3802 Ducatur
1745 3726 1775 3797 F
1777 3727 1793 3799 1

458 3845 518 3917 axi
534 3845 602 3938 GE
620 3845 792 3918 ordinata.
832 3847 953 3939 Quare
971 3845 1181 3943 contingens
1196 3843 1266 3915 TF
1286 3841 1352 3914 erit
1367 3838 1536 3914 ordinatis
1555 3839 1627 3911 axis
1643 3841 1711 3917 DF
1728 3865 1792 3937 pa-

459 3957 591 4044 rallela,
603 3982 666 4057 per
677 3959 761 4032 Cor.
776 3984 810 4054 3.
823 3960 928 4056 Prop.
939 3983 961 4056 9
970 3994 979 4043 ;
993 3959 1183 4057 etproinde
1194 3957 1345 4054 angulus
1358 3956 1420 4027 CF
1423 3955 1459 4027 T
1468 3954 1583 4027 rectus
1594 3977 1659 4051 per
1666 3956 1748 4028 Des.
1758 3959 1792 4028 8.

461 4076 515 4159 (et
529 4092 586 4166 29.
605 4072 667 4159 1.).
710 4069 780 4145 Sed
797 4088 941 4168 propter
954 4096 1057 4145 axem
1076 4071 1145 4143 GE
1159 4087 1194 4143 et
1206 4067 1279 4167 ejus
1291 4069 1488 4143 ordinatam
1504 4069 1567 4155 Fi,
1580 4066 1630 4140 est
1642 4070 1794 4166 angulus

458 4184 541 4256 CIF
557 4184 694 4270 rectum
719 4204 756 4257 et
779 4184 912 4258 idcirco
935 4185 1056 4282 anguli
1072 4187 1135 4258 CF
1138 4186 1167 4273 1,
1184 4183 1266 4258 CI'F
1283 4181 1435 4281 majores
1452 4182 1593 4256 duobus
1612 4184 1713 4256 rectis
1731 4208 1795 4260 an·

459 4295 572 4392 gulis:
599 4299 697 4395 quod
714 4303 791 4392 (17.
810 4296 863 4393 1.)
877 4297 926 4369 est
943 4298 1146 4373 absurdum.
1172 4297 1271 4395 Ergo
1288 4297 1458 4371 diameter
1472 4297 1540 4370 DF
1556 4322 1627 4369 non
1642 4295 1695 4374 ,est
1708 4297 1793 4372 axis.

460 4408 601 4483 Eadem
617 4414 751 4485 ratione
767 4410 1061 4485 demonstrabitur
1077 4410 1177 4509 quod
1193 4410 1367 4484 diameter
1383 4410 1451 4483 KP
1467 4408 1600 4483 nonest
1616 4410 1703 4488 axis.

512 4523 602 4595 Pars
619 4525 666 4597 11.
698 4523 827 4600 Iisdem
849 4524 1085 4611 manentibus.
1104 4524 1274 4624 quoniam
1300 4525 1451 4623 angulus
1475 4525 1554 4598 CIF
1579 4524 1694 4596 rebius
1734 4523 1795 4613 est,

461 4635 556 4709 reeta
572 4638 634 4710 CF
652 4644 729 4735 (19.
755 4638 806 4733 1.)
826 4636 938 4738 major
954 4639 1003 4712 est
1019 4663 1128 4736 quam
1144 4637 1238 4712 reeta
1253 4639 1317 4725 CI,
1331 4657 1366 4711 et
1382 4656 1569 4736 propterea
1585 4637 1702 4711 multo
1718 4662 1796 4715 ma-

453 4746 518 4847 jor
532 4773 642 4846 quam
659 4752 737 4824 CE.
780 4751 899 4848 igitur
917 4751 1091 4826 diameter
1102 4752 1175 4826 DF
1193 4749 1305 4850 major
1325 4752 1373 4825 est
1388 4752 1564 4825 diametro
1580 4753 1662 4827 GE.
1701 4754 1796 4825 Rur-

459 4861 520 4935 sus
536 4886 599 4960 per
614 4864 788 4962 punctum
808 4865 1010 4939 Educatur
1023 4866 1068 4938 ad
1079 4866 1146 4940 TF
1161 4866 1256 4939 reda
1272 4866 1348 4954 ΕΒ,
1365 4866 1535 4941 ordinatae
1550 4866 1601 4941 IF
1618 4864 1796 4963 paranda,

462 4976 622 5078 ideoque
647 5003 711 5080 per
734 4981 819 5058 Cor.
847 5002 880 5055 1.
903 4981 1012 5078 Prop.
1032 5006 1067 5080 9.
1092 4980 1327 5161 hygerbolam
1348 4981 1569 5081 contingens.
1611 4982 1714 5162 {um
1734 5002 1800 5076 per

1641 5110 1720 5187 rop.
1739 5108 1800 5176 24.
