5184 6600
940 1023 1110 1190 Caput
1152 1019 1419 1148 Primum.
1748 1042 1860 1177 32'1

517 1292 585 1392 ‘de
597 1284 687 1368 cubi
705 1285 961 1395 duplicatione
977 1282 1244 1390 subjiciuntur,
1274 1279 1573 1371 Menechmum,
1603 1279 1661 1358 uti
1680 1279 1863 1373 diximus,

518 1427 659 1507 volunt
674 1425 848 1506 nonnulli
867 1453 1002 1506 corum
1021 1425 1081 1506 vel
1100 1423 1381 1533 antiquifflmum
1399 1422 1524 1515 fuisse,
1555 1450 1651 1532 quos
1671 1422 1718 1501 ad
1739 1424 1862 1502 Coni-

519 1581 659 1646 'corum
677 1565 888 1645 doctrinam
909 1566 944 1644 se
963 1562 1160 1642 contulisse
1180 1590 1251 1671 pro
1266 1580 1371 1641 certo
1389 1564 1663 1670 comperimus,

580 1708 634 1784 Et
649 1703 731 1784 haec
746 1704 823 1783 fere
841 1704 909 1793 est,
926 1703 993 1782 nifi
1014 1705 1084 1809 qui
1102 1730 1167 1782 me
1186 1701 1284 1781 forte
1302 1698 1466 1807 fugiant,
1488 1698 1863 1778 Mathematicorum

518 1863 697 1924 veterum
716 1842 891 1932 recensto,
920 1869 1086 1949 quorum
1107 1841 1245 1950 scripta
1269 1839 1358 1920 licet
1377 1839 1425 1919 ad
1449 1838 1549 1919 hanc
1571 1839 1688 1946 usque
1710 1856 1862 1918 aetatem

522 2009 601 2061 non
629 1980 860 2070 devenerint,
895 1993 1024 2058 tamen
1052 1981 1239 2059 memoria
1260 1979 1442 2058 traditum
1461 1976 1530 2069 est,
1557 1976 1703 2084 aliquos
1730 1976 1861 2056 saltem

521 2123 713 2202 eorumin
726 2122 964 2200 Conicorum
979 2120 1131 2200 scientia
1150 2118 1341 2228 profectus
1361 2115 1481 2195 fuiffe.
1521 2115 1687 2224 Qantis
1717 2115 1862 2196 interea

524 2263 769 2342 incrementis
802 2277 890 2340 ante
917 2251 1113 2370 Apollonii
1137 2277 1311 2369 tempora
1343 2257 1453 2334 aucta
1476 2251 1592 2334 fuerit
1616 2254 1694 2362 ipsa
1719 2255 1766 2335 de
1784 2282 1862 2361 qua

521 2401 719 2509 loquimur
740 2400 977 2478 Conicorum
996 2399 1180 2490 doctrina,
1210 2426 1259 2478 ex
1278 2396 1323 2476 iis
1343 2412 1449 2505 patet
1467 2393 1686 2485 certiffirne,
1716 2409 1801 2503 quae
1820 2398 1861 2477 in

387 2572 394 2584 “
519 2537 625 2619 libris
645 2568 666 2618 a
689 2538 725 2617 se
743 2537 852 2617 editis
873 2537 1046 2644 exposuit
1060 2537 1123 2616 ille
1143 2563 1342 2642 nunquam
1364 2536 1439 2614 fine
1458 2534 1569 2613 laude
1588 2536 1859 2630 nominandus,

520 2694 559 2758 'et
580 2682 649 2788 qui
664 2680 763 2758 inter
783 2677 1014 2757 Geometriae
1033 2674 1212 2757 studiosos
1230 2693 1309 2754 tarn
1325 2674 1525 2784 primarius
1544 2693 1639 2766 erat,
1671 2675 1858 2781 Syracufis

520 2815 714 2897 oriundus·
736 2818 1067 2894 Aucurruuuns.
1125 2814 1189 2892 Ex
1219 2813 1444 2896 Sectionum
1472 2815 1704 2895 Conicarum
1737 2816 1858 2896 affec-

519 2954 687 3033 tionibus
718 2957 823 3033 enim
848 2953 1029 3061 quafflem
1048 2975 1126 3031 non
1154 2951 1246 3030 levis
1270 2956 1475 3044 'momenti
1496 2971 1601 3033 etex
1620 2954 1760 3061 quibus
1780 2956 1859 3065 ipse

518 3095 622 3173 viam
644 3092 695 3170 ad
714 3094 865 3198 majora
898 3091 1043 3185 sternit,
1073 3090 1239 3171 dilucide
1268 3091 1322 3169 ait
1351 3089 1399 3168 ab
1425 3090 1505 3170 aliis
1524 3108 1634 3170 antea
1651 3091 1857 3199 explicatas

516 3231 650 3325 fuiffe;
672 3231 719 3311 ad
731 3231 834 3323 alias,
855 3233 1004 3338 quoties
1023 3256 1120 3340 opus
1139 3229 1209 3325 est,
1226 3230 1278 3310 ita
1290 3245 1487 3339 provocat,
1505 3251 1549 3311 ut
1567 3229 1615 3309 ad
1630 3256 1675 3309 ea
1690 3258 1858 3339 quorum

512 3372 597 3478 jam
615 3371 711 3452 olim
730 3371 922 3478 divulgata
942 3393 1020 3452 erat
1045 3371 1148 3480 apud
1166 3397 1300 3450 omnes
1326 3369 1479 3485 notitia.
1527 3371 1603 3451 Pro
1622 3371 1784 3478 cognitis
1803 3351 1859 3453 ita

515 3511 702 3590 nimirum
713 3512 838 3619 ponit,
859 3529 902 3588 ut
921 3510 1105 3619 exemplis
1126 3523 1319 3588 utar.-—“
1336 3509 1376 3588 Si
1394 3509 1534 3617 quaevis
1554 3512 1654 3589 recta
1672 3508 1769 3589 linea
1783 3538 1856 3620 pa·

515 3648 686 3728 rabolam
704 3649 915 3755 contingat,
936 3647 1166 3729 diametrum
1186 3677 1208 3728 a
1227 3650 1372 3757 pundlo
1391 3652 1587 3729 contaetus
1607 3649 1775 3742 ductam,
1789 3645 1856 3732 'bi-

514 3784 652 3866 fariam
670 3785 792 3865 secare
812 3790 931 3866 rectas
950 3803 1102 3876 ornnes,
1131 3814 1216 3893 quae
1235 3787 1474 3891 contingenti
1492 3787 1678 3896 parallelae
1691 3788 1857 3868 sunt.—

516 3924 556 4004 si
575 3950 598 4003 a
618 3924 753 4032 quovis
773 3927 919 4034 puncto
933 3924 974 4003 in
992 3923 1181 4032 parabolae
1200 3923 1329 4017 curvi,
1352 3923 1540 4005 ducantur
1557 3926 1605 4007 ad
1625 3925 1856 4010 diametrum

517 4064 600 4145 duae
620 4068 732 4144 rectae
751 4063 870 4158 lineae,
902 4082 1066 4170 quatum
1084 4062 1203 4144 altera
1219 4063 1424 4144 ordinatim
1443 4065 1633 4178 applicata
1648 4064 1713 4159 lit,
1740 4062 1855 4148 altere
1893 4052 1897 4059 ¹

507 4428 608 4477 'autern
622 4437 686 4477 cum
701 4416 824 4475 animum
836 4414 869 4474 in
882 4400 911 4472 id
925 4414 1028 4474 acriter
1045 4412 1235 4484 intendissent,
1256 4399 1473 4494 quaefilientque,
1494 4411 1583 4496 fiqua
1601 4414 1673 4477 ratio
1679 4395 1753 4477 iniri
1765 4413 1853 4498 pollet

516 4520 588 4578 datis
600 4520 707 4578 duabus
719 4520 812 4591 settis,
831 4519 899 4578 duas
911 4519 1019 4579 medias
1034 4519 1157 4580 sumendi
1167 4543 1176 4589 ;
1195 4521 1325 4579 dicuntur
1337 4520 1467 4580 Architas
1475 4520 1659 4592 Tarentinus,
1678 4535 1706 4578 et
1718 4522 1853 4582 Eudoxus

514 4626 688 4703 propositum
712 4623 880 4695 confeeiffe;
902 4627 972 4685 alter
986 4627 1098 4706 quidem
1121 4648 1171 4705 per
1193 4625 1417 4703 semicylindros,
1437 4627 1507 4687 alter
1519 4638 1587 4686 vero
1601 4646 1651 4706 per
1671 4626 1769 4696 linear,
1790 4646 1852 4704 quae

517 4749 610 4787 eurvae
624 4743 771 4788 vocantur.
801 4731 908 4789 Verum
927 4731 1080 4812 contingit,
1102 4748 1132 4791 ut
1145 4731 1186 4798 hi,
1207 4730 1310 4811 aliique
1328 4750 1425 4802 ornnes
1436 4752 1495 4790 rem
1508 4730 1622 4810 quidem
1639 4730 1852 4795 demonstrando

512 4834 637 4912 aperire,
660 4854 715 4893 non
732 4853 800 4893 vero
814 4854 899 4895 manu
912 4838 1059 4915 perficere,
1081 4852 1110 4897 et
1125 4837 1182 4897 usui
1195 4834 1410 4896 accommodare
1424 4837 1584 4916 potuerint,
1606 4835 1657 4894 nist
1671 4836 1743 4893 forte
1757 4835 1853 4914 aliquo
1917 4830 1921 4835 ’

511 4937 602 4999 modo
616 4940 840 5000 Meneehrnus.''
884 4943 957 5002 Vide
971 4944 1082 5006 Eurocii
1097 4944 1261 5005 comment.
1276 4940 1307 5002 in
1322 4942 1499 5004 Archimedis
1514 4944 1623 5024 Opera,
1638 4961 1668 5019 p.
1690 4958 1757 5015 ¹44·

1144 5063 1167 5142 S
1196 5088 1215 5141 s
1645 5061 1851 5142 sectionem
