5184 6600
830 1014 899 1154 3‘1
913 996 947 1119 8
1021 1004 1118 1116 De
1146 999 1437 1115 seminum
1466 998 1774 1115 Conicarum
1794 992 2089 1145 Decima,
2189 1025 2191 1029 ’

883 1257 1058 1364 Qinam
1087 1257 1227 1335 interea
1257 1253 1397 1335 fuerint
1418 1255 1457 1347 ii,
1488 1255 1548 1334 vel
1567 1272 1741 1334 accurate
1759 1253 1964 1345 ostendere,
1995 1252 2056 1332 vel
2087 1238 2164 1333 hn-

828 1391 937 1501 gulos
968 1396 1087 1474 etiam
1119 1396 1350 1474 nominatim
1380 1393 1583 1502 designare,
1608 1396 1691 1501 jam
1721 1418 1799 1471 non
1828 1391 1868 1470 in
1901 1389 2063 1500 proclivi
2092 1390 2162 1470 est.

829 1520 930 1639 Qiae
948 1559 998 1612 ex
1015 1532 1144 1640 sparfis
1165 1559 1291 1610 rerum
1308 1531 1469 1622 notitiis,
1498 1549 1536 1609 et
1556 1525 1747 1643 λειψάνοις,
1767 1547 1813 1608 ut
1837 1528 1889 1608 ita
1907 1530 2049 1621 dicam,
2080 1531 2166 1608 exi-

827 1670 928 1749 libus
949 1672 1187 1777 congerenda
1206 1671 1307 1762 sunt,
1338 1669 1414 1750 fere
1430 1667 1693 1776 hujuscemodi
1711 1666 1784 1746 effe
1802 1667 1991 1783 videntur.

890 1810 954 1889 De
975 1808 1181 1915 Apollonio
1214 1810 1318 1917 apud
1345 1810 1522 1920 Pappum
1555 1802 1688 1884 diserte
1711 1804 1890 1914 legimus,
1918 1805 2035 1885 libros
2068 1832 2169 1912 qua·

643 1984 793 2019 wemn-
828 1967 916 2028 tuor
930 1950 976 2030 de
1000 1948 1238 2028 Sestionibus
1260 1950 1417 2028 Conicis
1450 1949 1498 2028 ab
1521 1969 1723 2027 evenne
1754 1944 2000 2026 concinnatos
2027 1943 2169 2025 auxiffe

823 2096 930 2177 eum,
959 2105 997 2166 et
1017 2103 1180 2194 quatuor
1198 2084 1288 2164 alios
1308 2084 1410 2165 hisce
1440 2087 1487 2165 de
1519 2087 1585 2166 suo
1604 2084 1790 2194 adjecisse.
1849 2085 2002 2165 Ibidem
2028 2086 2170 2166 dicitur

641 2262 792 2297 mmm·
830 2252 1093 2308 Amsmum
1136 2255 1292 2335 quoque
1332 2245 1442 2306 antea
1478 2251 1546 2334 per
1584 2226 1757 2333 quinque
1787 2222 1907 2303 libros
1943 2225 2167 2305 Scaienum

826 2367 1062 2445 Conicarum
1089 2364 1293 2443 Elementa
1311 2363 1498 2444 docuiffe:
1529 2366 1576 2442 de
1604 2391 1682 2470 quo
1702 2363 1844 2443 interea
1863 2363 1965 2442 unde
1982 2365 2167 2446 oriundus

811 2502 896 2615 est,
916 2523 982 2582 aut
1001 2531 1080 2610 quo
1098 2504 1233 2583 vixerit
1260 2502 1395 2583 saeculo
1412 2506 1477 2582 vix
1499 2504 1586 2582 satis
1606 2503 1766 2583 constat.
1823 2503 1945 2611 Apud
1962 2506 2166 2587 nonnullos

825 2646 995 2752 ponitur,
1038 2661 1082 2724 ut
1121 2643 1225 2752 quod
1256 2642 1456 2722 verifimile
1485 2642 1544 2733 fit,
1576 2640 1792 2755 Euclidemx
1817 2642 2069 2723 Geometram
2105 2643 2167 2723 vel

825 2783 979 2862 Aristaei
997 2782 1242 2891 discipulum,
1271 2781 1332 2860 vel
1352 2780 1484 2864 saltem
1504 2784 1539 2861 ei
1558 2799 1695 2860 notum
1713 2798 1753 2860 et
1769 2780 1941 2860 amicum
1959 2779 2121 2888 fuiffe.†

886 2920 999 3000 Alius
1018 2920 1086 3012 est,
1115 2939 1155 3000 et
1173 2921 1306 3027 magni
1322 2920 1488 3000 nominis
1507 2921 1730 3010 Geometra,
1761 2919 1788 2997 fi
1809 2919 2036 3000 Heraclium
2056 2921 2168 3001 audi-

689 3025 746 3062 m.
824 3086 948 3150 amus,
979 3060 1046 3167 qui
1064 3060 1111 3139 de
1133 3060 1352 3139 Sediionum
1372 3058 1606 3138 Conicarum
1630 3054 1842 3136 Elementis
1870 3060 2075 3138 trad'tatum
2103 3061 2166 3140 vel

825 3198 973 3308 primus
991 3200 1168 3281 omnium
1193 3198 1233 3280 in
1265 3199 1394 3286 lucem
1411 3198 1541 3307 edidit.
1601 3196 1668 3275 Ob
1696 3195 1737 3275 id
1765 3194 1891 3305 ipsum
1922 3198 2027 3278 enim
2064 3201 2166 3309 apud

827 3339 1056 3418 Heraclium
1095 3364 1404 3419 Ancnmenns
1424 3337 1612 3430 laudatur,
1631 3337 1710 3417 ¹ubi
1728 3339 1775 3418 de
1796 3336 1874 3418 vita
1903 3338 2006 3418 illius
2026 3343 2120 3448 agit.
2137 3344 2163 3449 ‡

829 3476 948 3585 Qod
973 3495 1101 3556 tamen
1131 3478 1192 3558 vel
1221 3476 1270 3555 ab
1300 3472 1474 3557 Heraclii
1502 3474 1699 3557 oscitantia
1726 3475 1925 3584 profluxit,
1955 3475 2017 3556 vel
2046 3478 2094 3557 ab
2120 3508 2180 3590 eo*

827 3615 976 3695 dietum
1005 3614 1074 3706 est,
1102 3642 1196 3694 cum
1229 3617 1373 3700 interea
1398 3614 1642 3704 Archimedis
1676 3620 1806 3733 Opera
1832 3616 1906 3697 suis
1938 3617 2016 3731 ipse
2044 3617 2166 3700 oculis

825 3780 1026 3860 nunquam
1045 3752 1266 3864 perlegerat.

882 3892 992 4000 Qin
1016 3909 1055 3972 et
1070 3893 1217 3971 Samius
1237 3890 1301 3970 ille
1319 3917 1485 3985 cohow,
1514 3920 1584 4002 qui
1572 3894 1670 3975 ubi
1688 3912 1856 3976 mortem
1869 3893 1954 4001 jam
1980 3846 2165 3989 obiverat,

825 4028 875 4109 ab
895 4029 1030 4139 aequali
1054 4029 1120 4108 suo
1145 4028 1381 4111 Archimede
1405 4050 1639 4112 memoratur
1667 4034 1720 4114 ita
1750 4051 1795 4114 ut
1823 4033 1935 4115 facile
1962 4035 2167 4144 intelligas,

825 4186 987 4277 uterque
1004 4169 1167 4248 alterum
1186 4188 1321 4276 quanti
1308 4167 1481 4261 fecerit,
1513 4171 1660 4251 Conica
1673 4172 1882 4254 tradiaviffe
1902 4174 2166 4266 dicitur,1m·

824 4337 891 4390 mo
917 4325 956 4386 et
980 4306 1163 4389 nonnulla
1187 4306 1374 4387 tradidiffe
1400 4308 1584 4416 primum,
1615 4338 1700 4421 quae
1724 4312 1852 4422 postea
1877 4315 1925 4393 ab
1956 4312 2167 4423 Apollonio

825 4445 944 4527 fusius
963 4447 1151 4555 explicata
1169 4443 1372 4526 habemus
1386 4447 1408 4551 ξ
1458 4449 1603 4559 Neque
1623 4469 1752 4533 tamen
1769 4453 1798 4535 fi
1814 4479 1899 4559 conj
1891 4452 2044 4534 edurae
2061 4453 2171 4534 locus

864 4750 1113 4826 †V1deH1st01re
1127 4754 1185 4813 Des
1199 4746 1459 4838 Mathematiques,
1480 4760 1572 4822 Tom
1590 4780 1615 4824 ι.
1635 4780 1665 4841 p
1658 4781 1752 4845 ..204
1771 4761 1826 4824 Par
1839 4762 1887 4825 Μ.
1902 4761 2066 4827 Mamuda.

864 4847 980 4919 1Vide
994 4848 1139 4927 Apollonii
1154 4851 1275 4919 Coniea,
1295 4872 1363 4932 pag
1378 4858 1407 4913 8.
1508 4895 1512 4901 ·

865 4952 881 5022 ς
905 4944 979 5005 Vide
994 4946 1141 5027 Apollonii
1155 4947 1276 5021 Codice,
1297 4970 1366 5034 pag
1359 4968 1463 5036 ..217
