<?xml version="1.0" encoding="UTF-8"?>
<!DOCTYPE html PUBLIC "-//W3C//DTD XHTML 1.0 Transitional//EN"
    "http://www.w3.org/TR/xhtml1/DTD/xhtml1-transitional.dtd">
<html xmlns="http://www.w3.org/1999/xhtml" xml:lang="en" lang="en">
 <head>
  <title>
</title>
<meta http-equiv="Content-Type" content="text/html;charset=utf-8" />
  <meta name='ocr-system' content='tesseract 3.04.00' />
  <meta name='ocr-capabilities' content='ocr_page ocr_carea ocr_par ocr_line ocrx_word'/>
</head>
<body>
  <div class='ocr_page' id='page_1' title='image "./sectionumconica00robegoog_0423.png"; bbox 0 0 5184 6600; ppageno 0'>
   <div class='ocr_carea' id='block_1_1' title="bbox 810 884 2056 1098">
    <p class='ocr_par' dir='ltr' id='par_1_1' title="bbox 810 884 2056 1098">
     <span class='ocr_line' id='line_1_1' title="bbox 810 884 2056 1098; baseline -0.007 -39"><span class='ocrx_word' id='word_1_1' title='bbox 810 978 843 1095; x_wconf 83' lang='lat'><em>3</em></span> <span class='ocrx_word' id='word_1_2' title='bbox 851 939 927 1098; x_wconf 77' lang='lat'><strong>56</strong></span> <span class='ocrx_word' id='word_1_3' title='bbox 980 941 1076 1057; x_wconf 86' lang='lat' dir='ltr'><strong>De</strong></span> <span class='ocrx_word' id='word_1_4' title='bbox 1104 935 1396 1054; x_wconf 66' lang='lat' dir='ltr'><strong>Sed&#39;lionum</strong></span> <span class='ocrx_word' id='word_1_5' title='bbox 1422 884 1733 1052; x_wconf 79' lang='lat' dir='ltr'><strong>Conicarum</strong></span> <span class='ocrx_word' id='word_1_6' title='bbox 1759 934 2056 1081; x_wconf 65' lang='lat' dir='ltr'><strong>Dodi&#39;rina²</strong></span> 
     </span>
    </p>
   </div>
   <div class='ocr_carea' id='block_1_2' title="bbox 724 1187 2163 4780">
    <p class='ocr_par' dir='ltr' id='par_1_2' title="bbox 724 1187 2161 3243">
     <span class='ocr_line' id='line_1_2' title="bbox 806 1187 2151 1306; baseline -0.001 -32"><span class='ocrx_word' id='word_1_7' title='bbox 806 1212 918 1275; x_wconf 85' lang='lat' dir='ltr'><strong>utet</strong></span> <span class='ocrx_word' id='word_1_8' title='bbox 947 1222 1106 1306; x_wconf 85' lang='lat' dir='ltr'>operam</span> <span class='ocrx_word' id='word_1_9' title='bbox 1137 1195 1265 1302; x_wconf 87' lang='lat' dir='ltr'><strong>inquit</strong></span> <span class='ocrx_word' id='word_1_10' title='bbox 1294 1193 1499 1275; x_wconf 75' lang='lat' dir='ltr'><strong>certissime</strong></span> <span class='ocrx_word' id='word_1_11' title='bbox 1530 1192 1659 1273; x_wconf 83' lang='lat' dir='ltr'><strong>ludere</strong></span> <span class='ocrx_word' id='word_1_12' title='bbox 1686 1214 1793 1283; x_wconf 84' lang='lat' dir='ltr'><strong>eum,</strong></span> <span class='ocrx_word' id='word_1_13' title='bbox 1822 1193 1894 1300; x_wconf 88' lang='lat' dir='ltr'><strong>qui</strong></span> <span class='ocrx_word' id='word_1_14' title='bbox 1918 1187 2151 1273; x_wconf 83' lang='lat' dir='ltr'><strong>mechanioo</strong></span> 
     </span>
     <span class='ocr_line' id='line_1_3' title="bbox 808 1329 2152 1444; baseline -0.002 -32"><span class='ocrx_word' id='word_1_15' title='bbox 808 1336 944 1443; x_wconf 86' lang='lat' dir='ltr'><strong>quovis</strong></span> <span class='ocrx_word' id='word_1_16' title='bbox 964 1335 1229 1428; x_wconf 83' lang='lat' dir='ltr'><strong>instrumento,</strong></span> <span class='ocrx_word' id='word_1_17' title='bbox 1258 1335 1363 1444; x_wconf 92' lang='lat' dir='ltr'><strong>quod</strong></span> <span class='ocrx_word' id='word_1_18' title='bbox 1382 1352 1535 1416; x_wconf 92' lang='lat' dir='ltr'><strong>motum</strong></span> <span class='ocrx_word' id='word_1_19' title='bbox 1552 1331 1693 1411; x_wconf 89' lang='lat' dir='ltr'><strong>efficiat</strong></span> <span class='ocrx_word' id='word_1_20' title='bbox 1711 1332 1955 1422; x_wconf 88' lang='lat' dir='ltr'><strong>continuum,</strong></span> <span class='ocrx_word' id='word_1_21' title='bbox 1980 1356 2043 1410; x_wconf 78' lang='lat' dir='ltr'><strong>eus</strong></span> <span class='ocrx_word' id='word_1_22' title='bbox 2061 1329 2152 1409; x_wconf 85' lang='lat' dir='ltr'><strong>satis</strong></span> 
     </span>
     <span class='ocr_line' id='line_1_4' title="bbox 808 1470 2154 1584; baseline 0 -34"><span class='ocrx_word' id='word_1_23' title='bbox 808 1492 984 1553; x_wconf 84' lang='lat' dir='ltr'><strong>accurate</strong></span> <span class='ocrx_word' id='word_1_24' title='bbox 1008 1472 1195 1554; x_wconf 79' lang='lat' dir='ltr'><strong>delineare</strong></span> <span class='ocrx_word' id='word_1_25' title='bbox 1221 1473 1358 1584; x_wconf 87' lang='lat' dir='ltr'><strong>speret.</strong></span> <span class='ocrx_word' id='word_1_26' title='bbox 1403 1476 1467 1553; x_wconf 83' lang='lat' dir='ltr'><strong>Ex</strong></span> <span class='ocrx_word' id='word_1_27' title='bbox 1486 1497 1621 1552; x_wconf 88' lang='lat' dir='ltr'><strong>eorum</strong></span> <span class='ocrx_word' id='word_1_28' title='bbox 1640 1470 1883 1580; x_wconf 85' lang='lat' dir='ltr'><strong>fimplicitate</strong></span> <span class='ocrx_word' id='word_1_29' title='bbox 1901 1488 2050 1566; x_wconf 84' lang='lat' dir='ltr'><strong>autem,</strong></span> <span class='ocrx_word' id='word_1_30' title='bbox 2080 1497 2154 1579; x_wconf 85' lang='lat' dir='ltr'><strong>per</strong></span> 
     </span>
     <span class='ocr_line' id='line_1_5' title="bbox 741 1601 2155 1724; baseline -0.002 -31"><span class='ocrx_word' id='word_1_31' title='bbox 741 1601 744 1613; x_wconf 44' lang='lat'>‘</span> <span class='ocrx_word' id='word_1_32' title='bbox 810 1643 896 1723; x_wconf 87' lang='lat' dir='ltr'><strong>quae</strong></span> <span class='ocrx_word' id='word_1_33' title='bbox 916 1617 1137 1696; x_wconf 65' lang='lat' dir='ltr'><strong>Sestionum</strong></span> <span class='ocrx_word' id='word_1_34' title='bbox 1156 1616 1299 1724; x_wconf 86' lang='lat' dir='ltr'><strong>genefis</strong></span> <span class='ocrx_word' id='word_1_35' title='bbox 1312 1615 1426 1722; x_wconf 84' lang='lat' dir='ltr'><strong>juxta</strong></span> <span class='ocrx_word' id='word_1_36' title='bbox 1445 1611 1556 1693; x_wconf 92' lang='lat' dir='ltr'><strong>illum</strong></span> <span class='ocrx_word' id='word_1_37' title='bbox 1575 1611 1756 1704; x_wconf 89' lang='lat' dir='ltr'><strong>efficitur,</strong></span> <span class='ocrx_word' id='word_1_38' title='bbox 1771 1610 1811 1689; x_wconf 90' lang='lat' dir='ltr'><strong>in</strong></span> <span class='ocrx_word' id='word_1_39' title='bbox 1830 1610 2019 1719; x_wconf 88' lang='lat' dir='ltr'><strong>primariis</strong></span> <span class='ocrx_word' id='word_1_40' title='bbox 2037 1609 2155 1690; x_wconf 86' lang='lat' dir='ltr'><strong>etiam</strong></span> 
     </span>
     <span class='ocr_line' id='line_1_6' title="bbox 809 1748 2155 1858; baseline -0.001 -27"><span class='ocrx_word' id='word_1_41' title='bbox 809 1779 941 1845; x_wconf 80' lang='lat' dir='ltr'><strong>earum</strong></span> <span class='ocrx_word' id='word_1_42' title='bbox 959 1754 1223 1836; x_wconf 78' lang='lat' dir='ltr'><strong>affedtionibus</strong></span> <span class='ocrx_word' id='word_1_43' title='bbox 1240 1751 1557 1846; x_wconf 86' lang='lat' dir='ltr'><strong>demonstrandis,</strong></span> <span class='ocrx_word' id='word_1_44' title='bbox 1571 1751 1752 1858; x_wconf 84' lang='lat' dir='ltr'><strong>ambages</strong></span> <span class='ocrx_word' id='word_1_45' title='bbox 1771 1776 1849 1830; x_wconf 87' lang='lat' dir='ltr'><strong>eas.</strong></span> <span class='ocrx_word' id='word_1_46' title='bbox 1862 1769 1904 1831; x_wconf 89' lang='lat' dir='ltr'><strong>et</strong></span> <span class='ocrx_word' id='word_1_47' title='bbox 1922 1748 2155 1831; x_wconf 86' lang='lat' dir='ltr'><strong>methodum</strong></span> 
     </span>
     <span class='ocr_line' id='line_1_7' title="bbox 811 1887 2154 2005; baseline -0.006 -31"><span class='ocrx_word' id='word_1_48' title='bbox 811 1887 1095 1991; x_wconf 79' lang='lat' dir='ltr'><strong>inconcinnam,</strong></span> <span class='ocrx_word' id='word_1_49' title='bbox 1125 1920 1220 2005; x_wconf 84' lang='lat' dir='ltr'><strong>quas</strong></span> <span class='ocrx_word' id='word_1_50' title='bbox 1249 1896 1353 2004; x_wconf 89' lang='lat' dir='ltr'><strong>apud</strong></span> <span class='ocrx_word' id='word_1_51' title='bbox 1387 1889 1675 1972; x_wconf 79' lang='lat' dir='ltr'><strong>Antecellotem</strong></span> <span class='ocrx_word' id='word_1_52' title='bbox 1704 1891 1816 1970; x_wconf 90' lang='lat' dir='ltr'><strong>suum</strong></span> <span class='ocrx_word' id='word_1_53' title='bbox 1846 1915 1963 1970; x_wconf 89' lang='lat' dir='ltr'><strong>nemo</strong></span> <span class='ocrx_word' id='word_1_54' title='bbox 2001 1889 2058 1969; x_wconf 90' lang='lat' dir='ltr'><strong>est</strong></span> <span class='ocrx_word' id='word_1_55' title='bbox 2084 1887 2154 1997; x_wconf 93' lang='lat' dir='ltr'><strong>qui</strong></span> 
     </span>
     <span class='ocr_line' id='line_1_8' title="bbox 811 2026 2155 2140; baseline -0.004 -28"><span class='ocrx_word' id='word_1_56' title='bbox 811 2059 890 2112; x_wconf 90' lang='lat' dir='ltr'><strong>non</strong></span> <span class='ocrx_word' id='word_1_57' title='bbox 920 2031 1097 2126; x_wconf 88' lang='lat' dir='ltr'><strong>fastidiat,</strong></span> <span class='ocrx_word' id='word_1_58' title='bbox 1126 2034 1284 2113; x_wconf 92' lang='lat' dir='ltr'><strong>omnino</strong></span> <span class='ocrx_word' id='word_1_59' title='bbox 1304 2031 1464 2112; x_wconf 91' lang='lat' dir='ltr'><strong>devitat.</strong></span> <span class='ocrx_word' id='word_1_60' title='bbox 1505 2030 1624 2139; x_wconf 80' lang='lat' dir='ltr'><strong>Qod</strong></span> <span class='ocrx_word' id='word_1_61' title='bbox 1650 2047 1689 2110; x_wconf 92' lang='lat' dir='ltr'><strong>et</strong></span> <span class='ocrx_word' id='word_1_62' title='bbox 1716 2027 1907 2140; x_wconf 73' lang='lat' dir='ltr'><strong>praecipud</strong></span> <span class='ocrx_word' id='word_1_63' title='bbox 1933 2026 2061 2120; x_wconf 86' lang='lat' dir='ltr'><strong>videre</strong></span> <span class='ocrx_word' id='word_1_64' title='bbox 2084 2027 2155 2121; x_wconf 89' lang='lat' dir='ltr'><strong>est,</strong></span> 
     </span>
     <span class='ocr_line' id='line_1_9' title="bbox 808 2165 2155 2278; baseline -0.001 -30"><span class='ocrx_word' id='word_1_65' title='bbox 808 2169 881 2250; x_wconf 90' lang='lat' dir='ltr'><strong>ubi</strong></span> <span class='ocrx_word' id='word_1_66' title='bbox 894 2169 1164 2252; x_wconf 71' lang='lat' dir='ltr'><strong>derationibus</strong></span> <span class='ocrx_word' id='word_1_67' title='bbox 1184 2173 1263 2278; x_wconf 89' lang='lat' dir='ltr'><strong>agit</strong></span> <span class='ocrx_word' id='word_1_68' title='bbox 1282 2170 1382 2249; x_wconf 89' lang='lat' dir='ltr'><strong>inter</strong></span> <span class='ocrx_word' id='word_1_69' title='bbox 1400 2169 1533 2246; x_wconf 86' lang='lat' dir='ltr'><strong>axium</strong></span> <span class='ocrx_word' id='word_1_70' title='bbox 1547 2167 1716 2250; x_wconf 81' lang='lat' dir='ltr'><strong>abscissas</strong></span> <span class='ocrx_word' id='word_1_71' title='bbox 1735 2190 1927 2250; x_wconf 87' lang='lat' dir='ltr'><strong>eteorum</strong></span> <span class='ocrx_word' id='word_1_72' title='bbox 1944 2165 2155 2259; x_wconf 71' lang='lat' dir='ltr'><strong>ordinatas,</strong></span> 
     </span>
     <span class='ocr_line' id='line_1_10' title="bbox 813 2303 2160 2416; baseline -0.001 -30"><span class='ocrx_word' id='word_1_73' title='bbox 813 2334 928 2416; x_wconf 90' lang='lat' dir='ltr'><strong>porro</strong></span> <span class='ocrx_word' id='word_1_74' title='bbox 944 2326 984 2388; x_wconf 91' lang='lat' dir='ltr'><strong>et</strong></span> <span class='ocrx_word' id='word_1_75' title='bbox 996 2307 1051 2386; x_wconf 90' lang='lat' dir='ltr'><strong>ibi</strong></span> <span class='ocrx_word' id='word_1_76' title='bbox 1071 2334 1241 2414; x_wconf 89' lang='lat' dir='ltr'><strong>quoque,</strong></span> <span class='ocrx_word' id='word_1_77' title='bbox 1254 2308 1322 2385; x_wconf 91' lang='lat' dir='ltr'><strong>ubi</strong></span> <span class='ocrx_word' id='word_1_78' title='bbox 1336 2306 1547 2414; x_wconf 85' lang='lat' dir='ltr'><strong>figurarum</strong></span> <span class='ocrx_word' id='word_1_79' title='bbox 1559 2307 1896 2412; x_wconf 83' lang='lat' dir='ltr'><strong>quadrilaterarum</strong></span> <span class='ocrx_word' id='word_1_80' title='bbox 1914 2334 1991 2414; x_wconf 90' lang='lat' dir='ltr'><strong>ope</strong></span> <span class='ocrx_word' id='word_1_81' title='bbox 2008 2303 2160 2385; x_wconf 84' lang='lat' dir='ltr'><strong>easdem</strong></span> 
     </span>
     <span class='ocr_line' id='line_1_11' title="bbox 814 2442 2157 2554; baseline -0.002 -28"><span class='ocrx_word' id='word_1_82' title='bbox 814 2448 978 2527; x_wconf 86' lang='lat' dir='ltr'><strong>rationes</strong></span> <span class='ocrx_word' id='word_1_83' title='bbox 997 2463 1039 2526; x_wconf 86' lang='lat' dir='ltr'><strong>et</strong></span> <span class='ocrx_word' id='word_1_84' title='bbox 1052 2446 1150 2525; x_wconf 90' lang='lat' dir='ltr'><strong>inter</strong></span> <span class='ocrx_word' id='word_1_85' title='bbox 1168 2445 1329 2525; x_wconf 88' lang='lat' dir='ltr'><strong>aliarum</strong></span> <span class='ocrx_word' id='word_1_86' title='bbox 1341 2446 1617 2524; x_wconf 82' lang='lat' dir='ltr'><strong>diametrorum</strong></span> <span class='ocrx_word' id='word_1_87' title='bbox 1635 2444 1806 2526; x_wconf 86' lang='lat' dir='ltr'><strong>abscissas</strong></span> <span class='ocrx_word' id='word_1_88' title='bbox 1827 2471 2039 2554; x_wconf 88' lang='lat' dir='ltr'><strong>earumque</strong></span> <span class='ocrx_word' id='word_1_89' title='bbox 2051 2442 2157 2524; x_wconf 86' lang='lat' dir='ltr'><strong>ordi·</strong></span> 
     </span>
     <span class='ocr_line' id='line_1_12' title="bbox 814 2581 2159 2694; baseline -0.002 -30"><span class='ocrx_word' id='word_1_90' title='bbox 814 2606 922 2666; x_wconf 87' lang='lat' dir='ltr'><strong>natas</strong></span> <span class='ocrx_word' id='word_1_91' title='bbox 942 2606 1069 2667; x_wconf 88' lang='lat' dir='ltr'><strong>extare</strong></span> <span class='ocrx_word' id='word_1_92' title='bbox 1092 2584 1268 2664; x_wconf 88' lang='lat' dir='ltr'><strong>ostendit.</strong></span> <span class='ocrx_word' id='word_1_93' title='bbox 1306 2581 1507 2694; x_wconf 84' lang='lat' dir='ltr'><strong>Exemplis</strong></span> <span class='ocrx_word' id='word_1_94' title='bbox 1522 2585 1793 2665; x_wconf 89' lang='lat' dir='ltr'><strong>tantummodo</strong></span> <span class='ocrx_word' id='word_1_95' title='bbox 1811 2601 1913 2676; x_wconf 87' lang='lat' dir='ltr'><strong>utor,</strong></span> <span class='ocrx_word' id='word_1_96' title='bbox 1926 2603 1967 2664; x_wconf 92' lang='lat' dir='ltr'><strong>et</strong></span> <span class='ocrx_word' id='word_1_97' title='bbox 1986 2612 2008 2664; x_wconf 89' lang='lat' dir='ltr'><strong>e</strong></span> <span class='ocrx_word' id='word_1_98' title='bbox 2025 2581 2159 2664; x_wconf 91' lang='lat' dir='ltr'><strong>multis</strong></span> 
     </span>
     <span class='ocr_line' id='line_1_13' title="bbox 815 2721 2159 2832; baseline -0.001 -30"><span class='ocrx_word' id='word_1_99' title='bbox 815 2725 990 2832; x_wconf 85' lang='lat' dir='ltr'><strong>quaedam</strong></span> <span class='ocrx_word' id='word_1_100' title='bbox 1018 2723 1214 2831; x_wconf 87' lang='lat' dir='ltr'><strong>speciatim</strong></span> <span class='ocrx_word' id='word_1_101' title='bbox 1241 2721 1571 2827; x_wconf 79' lang='lat' dir='ltr'><strong>designo-cum</strong></span> <span class='ocrx_word' id='word_1_102' title='bbox 1598 2740 1729 2802; x_wconf 86' lang='lat' dir='ltr'><strong>tamen</strong></span> <span class='ocrx_word' id='word_1_103' title='bbox 1757 2722 1861 2831; x_wconf 93' lang='lat' dir='ltr'><strong>apud</strong></span> <span class='ocrx_word' id='word_1_104' title='bbox 1889 2723 2002 2803; x_wconf 91' lang='lat' dir='ltr'><strong>illum</strong></span> <span class='ocrx_word' id='word_1_105' title='bbox 2029 2723 2159 2803; x_wconf 82' lang='lat' dir='ltr'><strong>omnia</strong></span> 
     </span>
     <span class='ocr_line' id='line_1_14' title="bbox 724 2856 2160 2968; baseline -0.003 -24"><span class='ocrx_word' id='word_1_106' title='bbox 724 2940 727 2946; x_wconf 87' lang='grc'><em>,</em></span> <span class='ocrx_word' id='word_1_107' title='bbox 814 2877 895 2940; x_wconf 88' lang='lat' dir='ltr'><strong>tam</strong></span> <span class='ocrx_word' id='word_1_108' title='bbox 924 2859 1074 2968; x_wconf 90' lang='lat' dir='ltr'><strong>prorsus</strong></span> <span class='ocrx_word' id='word_1_109' title='bbox 1096 2857 1287 2937; x_wconf 88' lang='lat' dir='ltr'><strong>ostentent</strong></span> <span class='ocrx_word' id='word_1_110' title='bbox 1322 2856 1586 2938; x_wconf 90' lang='lat' dir='ltr'><strong>admirabilem</strong></span> <span class='ocrx_word' id='word_1_111' title='bbox 1618 2862 1865 2943; x_wconf 73' lang='lat' dir='ltr'><strong>consiliorum</strong></span> <span class='ocrx_word' id='word_1_112' title='bbox 1884 2863 2090 2956; x_wconf 87' lang='lat' dir='ltr'><strong>solertiam,</strong></span> <span class='ocrx_word' id='word_1_113' title='bbox 2119 2880 2160 2943; x_wconf 90' lang='lat' dir='ltr'><strong>et</strong></span> 
     </span>
     <span class='ocr_line' id='line_1_15' title="bbox 813 2993 2161 3112; baseline -0.001 -31"><span class='ocrx_word' id='word_1_114' title='bbox 813 3002 854 3082; x_wconf 90' lang='lat' dir='ltr'><strong>in</strong></span> <span class='ocrx_word' id='word_1_115' title='bbox 874 3000 919 3078; x_wconf 89' lang='lat' dir='ltr'><strong>iis</strong></span> <span class='ocrx_word' id='word_1_116' title='bbox 938 3026 1023 3107; x_wconf 86' lang='lat' dir='ltr'><strong>quae</strong></span> <span class='ocrx_word' id='word_1_117' title='bbox 1042 2996 1171 3103; x_wconf 87' lang='lat' dir='ltr'><strong>selegit</strong></span> <span class='ocrx_word' id='word_1_118' title='bbox 1190 2993 1430 3103; x_wconf 84' lang='lat' dir='ltr'><strong>disponendis</strong></span> <span class='ocrx_word' id='word_1_119' title='bbox 1448 3021 1549 3087; x_wconf 90' lang='lat' dir='ltr'><strong>eam,</strong></span> <span class='ocrx_word' id='word_1_120' title='bbox 1562 2999 1602 3078; x_wconf 92' lang='lat' dir='ltr'><strong>in</strong></span> <span class='ocrx_word' id='word_1_121' title='bbox 1621 2998 1698 3107; x_wconf 73' lang='lat' dir='ltr'><strong>qud</strong></span> <span class='ocrx_word' id='word_1_122' title='bbox 1716 3000 1764 3080; x_wconf 90' lang='lat' dir='ltr'><strong>ab</strong></span> <span class='ocrx_word' id='word_1_123' title='bbox 1784 3000 1858 3081; x_wconf 88' lang='lat' dir='ltr'><strong>alio</strong></span> <span class='ocrx_word' id='word_1_124' title='bbox 1876 3003 2029 3083; x_wconf 86' lang='lat' dir='ltr'><strong>nemine</strong></span> <span class='ocrx_word' id='word_1_125' title='bbox 2046 3001 2161 3112; x_wconf 90' lang='lat' dir='ltr'><strong>supe·</strong></span> 
     </span>
     <span class='ocr_line' id='line_1_16' title="bbox 815 3134 1450 3243; baseline -0.008 -23"><span class='ocrx_word' id='word_1_126' title='bbox 815 3157 918 3220; x_wconf 83' lang='lat' dir='ltr'><strong>ratus</strong></span> <span class='ocrx_word' id='word_1_127' title='bbox 938 3138 1007 3230; x_wconf 91' lang='lat' dir='ltr'><strong>est,</strong></span> <span class='ocrx_word' id='word_1_128' title='bbox 1035 3134 1188 3216; x_wconf 88' lang='lat' dir='ltr'><strong>artificii</strong></span> <span class='ocrx_word' id='word_1_129' title='bbox 1207 3136 1450 3243; x_wconf 85' lang='lat' dir='ltr'><strong>elegantiam.</strong></span> 
     </span>
    </p>

    <p class='ocr_par' dir='ltr' id='par_1_3' title="bbox 810 3273 2163 4214">
     <span class='ocr_line' id='line_1_17' title="bbox 870 3273 2160 3390; baseline 0.002 -33"><span class='ocrx_word' id='word_1_130' title='bbox 870 3279 926 3357; x_wconf 89' lang='lat' dir='ltr'><strong>Et</strong></span> <span class='ocrx_word' id='word_1_131' title='bbox 942 3276 989 3356; x_wconf 92' lang='lat' dir='ltr'><strong>de</strong></span> <span class='ocrx_word' id='word_1_132' title='bbox 1006 3273 1251 3356; x_wconf 84' lang='lat' dir='ltr'><strong>methodorum</strong></span> <span class='ocrx_word' id='word_1_133' title='bbox 1270 3304 1398 3355; x_wconf 83' lang='lat' dir='ltr'><strong>earum</strong></span> <span class='ocrx_word' id='word_1_134' title='bbox 1415 3273 1578 3384; x_wconf 72' lang='lat' dir='ltr'><strong>utresque</strong></span> <span class='ocrx_word' id='word_1_135' title='bbox 1594 3273 1642 3355; x_wconf 90' lang='lat' dir='ltr'><strong>ad</strong></span> <span class='ocrx_word' id='word_1_136' title='bbox 1656 3302 1775 3384; x_wconf 81' lang='lat' dir='ltr'><strong>quam</strong></span> <span class='ocrx_word' id='word_1_137' title='bbox 1788 3277 2071 3359; x_wconf 85' lang='lat' dir='ltr'><strong>accommodari</strong></span> <span class='ocrx_word' id='word_1_138' title='bbox 2084 3306 2160 3390; x_wconf 89' lang='lat' dir='ltr'><strong>po·</strong></span> 
     </span>
     <span class='ocr_line' id='line_1_18' title="bbox 812 3414 2161 3522; baseline 0.003 -28"><span class='ocrx_word' id='word_1_139' title='bbox 812 3414 887 3494; x_wconf 88' lang='lat' dir='ltr'><strong>test</strong></span> <span class='ocrx_word' id='word_1_140' title='bbox 912 3432 951 3493; x_wconf 92' lang='lat' dir='ltr'><strong>et</strong></span> <span class='ocrx_word' id='word_1_141' title='bbox 970 3414 1290 3522; x_wconf 74' lang='lat' dir='ltr'><strong>propositionibus</strong></span> <span class='ocrx_word' id='word_1_142' title='bbox 1318 3414 1415 3494; x_wconf 89' lang='lat' dir='ltr'><strong>tradi</strong></span> <span class='ocrx_word' id='word_1_143' title='bbox 1434 3416 1672 3498; x_wconf 87' lang='lat' dir='ltr'><strong>Conicorum</strong></span> <span class='ocrx_word' id='word_1_144' title='bbox 1689 3414 1875 3507; x_wconf 70' lang='lat' dir='ltr'><strong>doctrina,</strong></span> <span class='ocrx_word' id='word_1_145' title='bbox 1904 3415 1991 3496; x_wconf 86' lang='lat' dir='ltr'><strong>satis</strong></span> <span class='ocrx_word' id='word_1_146' title='bbox 2010 3414 2161 3498; x_wconf 78' lang='lat' dir='ltr'><strong>fortasse</strong></span> 
     </span>
     <span class='ocr_line' id='line_1_19' title="bbox 810 3552 2162 3666; baseline 0.007 -36"><span class='ocrx_word' id='word_1_147' title='bbox 810 3553 895 3659; x_wconf 89' lang='lat' dir='ltr'><strong>jam</strong></span> <span class='ocrx_word' id='word_1_148' title='bbox 913 3552 1096 3642; x_wconf 89' lang='lat' dir='ltr'><strong>diximus,</strong></span> <span class='ocrx_word' id='word_1_149' title='bbox 1116 3571 1161 3633; x_wconf 90' lang='lat' dir='ltr'><strong>ut</strong></span> <span class='ocrx_word' id='word_1_150' title='bbox 1180 3552 1227 3633; x_wconf 90' lang='lat' dir='ltr'><strong>de</strong></span> <span class='ocrx_word' id='word_1_151' title='bbox 1246 3553 1292 3633; x_wconf 90' lang='lat' dir='ltr'><strong>iis</strong></span> <span class='ocrx_word' id='word_1_152' title='bbox 1312 3577 1485 3661; x_wconf 89' lang='lat' dir='ltr'><strong>quoque,</strong></span> <span class='ocrx_word' id='word_1_153' title='bbox 1504 3556 1573 3662; x_wconf 93' lang='lat' dir='ltr'><strong>qui</strong></span> <span class='ocrx_word' id='word_1_154' title='bbox 1588 3557 1628 3634; x_wconf 92' lang='lat' dir='ltr'><strong>in</strong></span> <span class='ocrx_word' id='word_1_155' title='bbox 1644 3572 1808 3666; x_wconf 89' lang='lat' dir='ltr'><strong>utroque</strong></span> <span class='ocrx_word' id='word_1_156' title='bbox 1824 3557 1989 3637; x_wconf 86' lang='lat' dir='ltr'><strong>docendi</strong></span> <span class='ocrx_word' id='word_1_157' title='bbox 2006 3584 2162 3665; x_wconf 83' lang='lat' dir='ltr'><strong>genere,</strong></span> 
     </span>
     <span class='ocr_line' id='line_1_20' title="bbox 815 3688 2163 3799; baseline 0.004 -29"><span class='ocrx_word' id='word_1_158' title='bbox 815 3716 894 3799; x_wconf 82' lang='lat' dir='ltr'><strong>prae</strong></span> <span class='ocrx_word' id='word_1_159' title='bbox 911 3690 1055 3770; x_wconf 85' lang='lat' dir='ltr'><strong>caeteris</strong></span> <span class='ocrx_word' id='word_1_160' title='bbox 1068 3688 1309 3772; x_wconf 89' lang='lat' dir='ltr'><strong>admirabiles</strong></span> <span class='ocrx_word' id='word_1_161' title='bbox 1327 3688 1436 3770; x_wconf 82' lang='lat' dir='ltr'><strong>fuisse</strong></span> <span class='ocrx_word' id='word_1_162' title='bbox 1452 3689 1626 3772; x_wconf 84' lang='lat' dir='ltr'><strong>censendi</strong></span> <span class='ocrx_word' id='word_1_163' title='bbox 1640 3693 1741 3773; x_wconf 90' lang='lat' dir='ltr'><strong>sunt.</strong></span> <span class='ocrx_word' id='word_1_164' title='bbox 1780 3693 1846 3773; x_wconf 91' lang='lat' dir='ltr'><strong>Ad</strong></span> <span class='ocrx_word' id='word_1_165' title='bbox 1863 3720 2001 3774; x_wconf 86' lang='lat' dir='ltr'><strong>manus</strong></span> <span class='ocrx_word' id='word_1_166' title='bbox 2020 3697 2163 3776; x_wconf 87' lang='lat' dir='ltr'><strong>interea</strong></span> 
     </span>
     <span class='ocr_line' id='line_1_21' title="bbox 813 3805 2162 3941; baseline 0.004 -30"><span class='ocrx_word' id='word_1_167' title='bbox 813 3830 904 3911; x_wconf 83' lang='lat' dir='ltr'><strong>sunt</strong></span> <span class='ocrx_word' id='word_1_168' title='bbox 920 3830 1084 3912; x_wconf 89' lang='lat' dir='ltr'><strong>aliorum</strong></span> <span class='ocrx_word' id='word_1_169' title='bbox 1101 3805 1220 3913; x_wconf 87' lang='lat' dir='ltr'><strong>etiam</strong></span> <span class='ocrx_word' id='word_1_170' title='bbox 1240 3832 1502 3941; x_wconf 90' lang='lat' dir='ltr'><strong>complurium</strong></span> <span class='ocrx_word' id='word_1_171' title='bbox 1518 3832 1621 3926; x_wconf 91' lang='lat' dir='ltr'><strong>libri,</strong></span> <span class='ocrx_word' id='word_1_172' title='bbox 1640 3834 1669 3913; x_wconf 86' lang='lat' dir='ltr'>fi</span> <span class='ocrx_word' id='word_1_173' title='bbox 1687 3835 1844 3915; x_wconf 86' lang='lat' dir='ltr'><strong>varietas</strong></span> <span class='ocrx_word' id='word_1_174' title='bbox 1863 3834 2004 3926; x_wconf 86' lang='lat' dir='ltr'><strong>omnis,</strong></span> <span class='ocrx_word' id='word_1_175' title='bbox 2023 3850 2062 3912; x_wconf 84' lang='lat' dir='ltr'><strong>et</strong></span> <span class='ocrx_word' id='word_1_176' title='bbox 2081 3834 2162 3917; x_wconf 82' lang='lat' dir='ltr'><strong>stn-</strong></span> 
     </span>
     <span class='ocr_line' id='line_1_22' title="bbox 818 3970 2163 4084; baseline 0.004 -36"><span class='ocrx_word' id='word_1_177' title='bbox 818 3970 918 4079; x_wconf 84' lang='lat' dir='ltr'><strong>gulae</strong></span> <span class='ocrx_word' id='word_1_178' title='bbox 945 3998 1094 4062; x_wconf 90' lang='lat' dir='ltr'><strong>eorum,</strong></span> <span class='ocrx_word' id='word_1_179' title='bbox 1124 3974 1193 4079; x_wconf 92' lang='lat' dir='ltr'><strong>qui</strong></span> <span class='ocrx_word' id='word_1_180' title='bbox 1216 3973 1265 4054; x_wconf 90' lang='lat' dir='ltr'><strong>de</strong></span> <span class='ocrx_word' id='word_1_181' title='bbox 1284 3973 1442 4055; x_wconf 83' lang='lat' dir='ltr'><strong>Conicis</strong></span> <span class='ocrx_word' id='word_1_182' title='bbox 1460 3971 1702 4084; x_wconf 86' lang='lat' dir='ltr'><strong>scripserunt,</strong></span> <span class='ocrx_word' id='word_1_183' title='bbox 1732 3973 1989 4084; x_wconf 78' lang='lat' dir='ltr'><strong>discrepantiae</strong></span> <span class='ocrx_word' id='word_1_184' title='bbox 2007 3973 2108 4054; x_wconf 88' lang='lat' dir='ltr'><strong>inter</strong></span> <span class='ocrx_word' id='word_1_185' title='bbox 2124 3972 2163 4053; x_wconf 89' lang='lat' dir='ltr'><strong>se</strong></span> 
     </span>
     <span class='ocr_line' id='line_1_23' title="bbox 817 4107 1263 4214; baseline 0.011 -26"><span class='ocrx_word' id='word_1_186' title='bbox 817 4108 1057 4190; x_wconf 81' lang='lat' dir='ltr'><strong>eonferendae</strong></span> <span class='ocrx_word' id='word_1_187' title='bbox 1078 4107 1212 4193; x_wconf 80' lang='lat' dir='ltr'><strong>essent.</strong></span> <span class='ocrx_word' id='word_1_188' title='bbox 1260 4196 1263 4214; x_wconf 61' lang='grc'>,</span> 
     </span>
    </p>

    <p class='ocr_par' dir='ltr' id='par_1_4' title="bbox 817 4247 2163 4780">
     <span class='ocr_line' id='line_1_24' title="bbox 875 4247 2162 4362; baseline 0.003 -35"><span class='ocrx_word' id='word_1_189' title='bbox 875 4247 948 4327; x_wconf 88' lang='lat' dir='ltr'><strong>Sed</strong></span> <span class='ocrx_word' id='word_1_190' title='bbox 964 4274 1088 4357; x_wconf 87' lang='lat' dir='ltr'><strong>neque</strong></span> <span class='ocrx_word' id='word_1_191' title='bbox 1107 4275 1164 4328; x_wconf 87' lang='lat' dir='ltr'><strong>res</strong></span> <span class='ocrx_word' id='word_1_192' title='bbox 1184 4250 1263 4359; x_wconf 84' lang='lat' dir='ltr'><strong>ipsa</strong></span> <span class='ocrx_word' id='word_1_193' title='bbox 1288 4252 1541 4362; x_wconf 85' lang='lat' dir='ltr'><strong>disputatione</strong></span> <span class='ocrx_word' id='word_1_194' title='bbox 1564 4251 1680 4361; x_wconf 86' lang='lat' dir='ltr'><strong>digna</strong></span> <span class='ocrx_word' id='word_1_195' title='bbox 1703 4251 1773 4343; x_wconf 88' lang='lat' dir='ltr'><strong>est,</strong></span> <span class='ocrx_word' id='word_1_196' title='bbox 1801 4278 1928 4361; x_wconf 89' lang='lat' dir='ltr'><strong>neque</strong></span> <span class='ocrx_word' id='word_1_197' title='bbox 1951 4250 1980 4331; x_wconf 86' lang='lat' dir='ltr'><strong>fi</strong></span> <span class='ocrx_word' id='word_1_198' title='bbox 2006 4249 2112 4345; x_wconf 82' lang='lat' dir='ltr'><strong>offet,</strong></span> <span class='ocrx_word' id='word_1_199' title='bbox 2138 4277 2162 4331; x_wconf 83' lang='lat' dir='ltr'><strong>a</strong></span> 
     </span>
     <span class='ocr_line' id='line_1_25' title="bbox 820 4384 2163 4504; baseline 0.003 -39"><span class='ocrx_word' id='word_1_200' title='bbox 820 4384 930 4465; x_wconf 89' lang='lat' dir='ltr'><strong>nobis</strong></span> <span class='ocrx_word' id='word_1_201' title='bbox 962 4385 1219 4495; x_wconf 86' lang='lat' dir='ltr'><strong>persequenda</strong></span> <span class='ocrx_word' id='word_1_202' title='bbox 1243 4385 1357 4485; x_wconf 89' lang='lat' dir='ltr'><strong>soret,</strong></span> <span class='ocrx_word' id='word_1_203' title='bbox 1385 4392 1455 4499; x_wconf 92' lang='lat' dir='ltr'><strong>qui</strong></span> <span class='ocrx_word' id='word_1_204' title='bbox 1483 4418 1560 4472; x_wconf 90' lang='lat' dir='ltr'><strong>non</strong></span> <span class='ocrx_word' id='word_1_205' title='bbox 1585 4390 1939 4504; x_wconf 89' lang='lat' dir='ltr'><strong>interpretationem</strong></span> <span class='ocrx_word' id='word_1_206' title='bbox 1967 4389 2163 4483; x_wconf 87' lang='lat' dir='ltr'><strong>omnium,</strong></span> 
     </span>
     <span class='ocr_line' id='line_1_26' title="bbox 817 4519 2161 4645; baseline 0.008 -47"><span class='ocrx_word' id='word_1_207' title='bbox 817 4519 888 4645; x_wconf 72' lang='lat' dir='ltr'><strong>sed</strong></span> <span class='ocrx_word' id='word_1_208' title='bbox 905 4547 1040 4601; x_wconf 88' lang='lat' dir='ltr'><strong>eorum</strong></span> <span class='ocrx_word' id='word_1_209' title='bbox 1058 4526 1342 4620; x_wconf 84' lang='lat' dir='ltr'><strong>tantummodo,</strong></span> <span class='ocrx_word' id='word_1_210' title='bbox 1371 4555 1457 4636; x_wconf 86' lang='lat' dir='ltr'><strong>quae</strong></span> <span class='ocrx_word' id='word_1_211' title='bbox 1474 4529 1515 4610; x_wconf 91' lang='lat' dir='ltr'><strong>in</strong></span> <span class='ocrx_word' id='word_1_212' title='bbox 1532 4527 1606 4612; x_wconf 89' lang='lat' dir='ltr'><strong>hac</strong></span> <span class='ocrx_word' id='word_1_213' title='bbox 1624 4532 1672 4612; x_wconf 90' lang='lat' dir='ltr'><strong>de</strong></span> <span class='ocrx_word' id='word_1_214' title='bbox 1692 4559 1769 4643; x_wconf 83' lang='lat' dir='ltr'><strong>qua</strong></span> <span class='ocrx_word' id='word_1_215' title='bbox 1799 4531 1926 4643; x_wconf 86' lang='lat' dir='ltr'><strong>agitur</strong></span> <span class='ocrx_word' id='word_1_216' title='bbox 1952 4529 2161 4642; x_wconf 82' lang='lat' dir='ltr'><strong>quaestione</strong></span> 
     </span>
     <span class='ocr_line' id='line_1_27' title="bbox 822 4657 1690 4780; baseline 0.022 -44"><span class='ocrx_word' id='word_1_217' title='bbox 822 4658 1071 4741; x_wconf 87' lang='lat' dir='ltr'><strong>eminentiora</strong></span> <span class='ocrx_word' id='word_1_218' title='bbox 1089 4657 1191 4759; x_wconf 89' lang='lat' dir='ltr'><strong>sunt,</strong></span> <span class='ocrx_word' id='word_1_219' title='bbox 1219 4663 1260 4747; x_wconf 89' lang='lat' dir='ltr'><strong>in</strong></span> <span class='ocrx_word' id='word_1_220' title='bbox 1278 4663 1426 4752; x_wconf 84' lang='lat' dir='ltr'><strong>nosmet</strong></span> <span class='ocrx_word' id='word_1_221' title='bbox 1444 4668 1690 4780; x_wconf 83' lang='lat' dir='ltr'><strong>suscepimus.</strong></span> 
     </span>
    </p>
   </div>
   <div class='ocr_carea' id='block_1_3' title="bbox 1941 4967 2159 5056">
    <p class='ocr_par' dir='ltr' id='par_1_5' title="bbox 1941 4967 2159 5056">
     <span class='ocr_line' id='line_1_28' title="bbox 1941 4967 2159 5056; baseline 0.005 -1"><span class='ocrx_word' id='word_1_222' title='bbox 1941 4967 2159 5056; x_wconf 81' lang='lat' dir='ltr'><strong>CAPUT</strong></span> 
     </span>
    </p>
   </div>
   <div class='ocr_carea' id='block_1_4' title="bbox 0 0 2615 6596">
    <p class='ocr_par' dir='ltr' id='par_1_6' title="bbox 0 0 2615 6596">
     <span class='ocr_line' id='line_1_29' title="bbox 0 0 2615 6596; baseline 0 0"><span class='ocrx_word' id='word_1_223' title='bbox 0 0 2615 6596; x_wconf 95' lang='lat' dir='ltr'><strong> </strong></span> 
     </span>
    </p>
   </div>
  </div>
 </body>
</html>
