5184 6600
814 949 933 1072 350
991 916 1089 1031 De
1117 910 1406 1030 Seiiionum
1437 915 1490 1028 C
1481 912 1746 1029 oratiarum
1767 898 2060 1059 Desinite,

808 1170 1073 1251 excellentiam
1102 1171 1150 1250 ab
1177 1168 1399 1250 hominibus
1428 1166 1719 1246 Mathematicis
1743 1196 1821 1261 non
1849 1170 1960 1249 citius
1986 1145 2149 1279 perven-

808 1327 897 1385 tum
915 1310 1000 1387 esse.
1039 1312 1098 1387 lta
1130 1327 1210 1387 tam
1240 1309 1398 1396 multos,
1425 1333 1548 1413 neque
1580 1332 1643 1384 eos
1681 1304 1784 1385 hisce
1810 1307 1940 1386 studiis
1972 1307 2151 1416 impares,

808 1447 850 1524 in
871 1449 1026 1525 Conicis
1058 1449 1176 1555 probe
1200 1449 1370 1526 exercuit
1395 1474 1451 1537 ea,
1480 1446 1665 1553 adquam
1685 1465 1766 1527 tam
1787 1452 1978 1556 praecipue
1997 1449 2035 1527 se
2055 1475 2151 1527 con-

808 1585 997 1679 tulerunt,
1027 1585 1289 1666 diametrorum
1314 1556 1581 1694 principalium
1619 1586 1905 1692 contemplatio
1962 1585 2154 1665 Salebrosa

808 1725 1121 1832 proculdubi0,et
1133 1727 1313 1817 difficilis,
1328 1744 1366 1803 et
1382 1721 1567 1828 impedita
1578 1739 1671 1816 erat,
1685 1750 1804 1828 quam
1819 1723 2017 1802 tentabant
2031 1726 2155 1802 via-
2284 1737 2292 1745 “

809 1862 967 1943 sederat
987 1883 1115 1946 tamen
1138 1893 1257 1973 quam
1277 1861 1474 1942 tentabant
1493 1886 1627 1939 eorum
1646 1861 1835 1969 plerique,
1867 1864 2008 1970 quibus
2030 1862 2154 1942 Coni-

677 2033 680 2037 ’
810 2028 944 2084 corum
964 2005 1174 2084 doetrinam
1189 2006 1229 2083 in
1249 2007 1362 2083 latius
1380 2001 1547 2112 proferre
1568 2002 1607 2079 in
1625 2002 1754 2081 animo
1773 2003 1968 2083 insederat.
2005 2006 2061 2084 Et
2078 2002 2152 2083 hoc

811 2142 970 2248 quidem
998 2144 1046 2220 ad
1070 2170 1133 2221 eos
1153 2145 1319 2252 pertinet
1347 2142 1415 2251 qui
1442 2137 1691 2218 nihilominus
1717 2139 1857 2220 aConi
1872 2139 1982 2248 ipſsus
2013 2159 2157 2221 natura

808 2278 991 2389 auspicati
1009 2281 1109 2361 sunt.
1903 2295 1907 2302 '

878 2420 964 2496 Suu
1001 2445 1061 2496 nr
1096 2443 1199 2496 Amr
1234 2440 1472 2505 ruerunt,
1511 2443 1635 2521 neque
1669 2417 1940 2496 contemnendi
1967 2417 1996 2496 ii
2027 2448 2154 2528 neque

809 2583 971 2636 numero
1013 2557 1156 2663 exigui,
1204 2559 1274 2664 qui
1311 2555 1450 2635 nullam
1495 2553 1591 2632 Coni
1626 2553 1807 2633 rationem
1851 2553 2054 2636 habendam
2092 2558 2155 2668 ‘ff'

808 2697 1101 2777 arbitrabantur.
1151 2697 1377 2775 Commovit
1400 2721 1533 2774 eorum
1559 2695 1719 2785 animos,
1752 2669 1937 2801 quas'vel
1964 2696 2005 2773 in
2023 2696 2156 2776 limine

810 2835 999 2917 tironibus
1026 2835 1210 2940 objiceret
1236 2834 1426 2915 molestias
1454 2832 1659 2912 solidorum
1684 2833 1828 2942 genesis
1853 2849 1969 2940 atque
1994 2835 2154 2929 indoles,

810 3003 897 3088 quae
934 2993 1062 3057 tamen
1090 2975 1259 3089 omnino
1275 2971 1539 3084 pernoscendae
1566 2969 1696 3062 essent,
1738 2970 1926 3049 linearum
1954 2993 2155 3082 apparatus

811 3112 1010 3220 tantuplex
1028 3128 1068 3190 et
1086 3110 1289 3218 dispositio,
1325 3127 1406 3194 tans
1425 3111 1620 3217 impeditae
1638 3127 1817 3218 praeterea
1836 3110 2029 3192 rationum
2048 3114 2155 3196 series

810 3268 852 3333 et
871 3251 1172 3343 immutationes,
1202 3268 1247 3329 ut
1266 3269 1374 3330 erant
1400 3279 1465 3344 eae,
1497 3278 1590 3358 quas
1613 3248 1859 3332 antecessores
1894 3251 1951 3333 sui
1980 3253 2157 3365 usurpare
2281 3254 2283 3257 ’

810 3390 1096 3469 consueverant.
1141 3390 1205 3468 De
1226 3390 1461 3469 sessionibus
1481 3390 1611 3504 itaque
1629 3390 1668 3470 in
1690 3389 1808 3497 plano
1827 3387 2021 3500 destruitis
2043 3395 2155 3476 satius

811 3528 885 3606 illis
904 3528 1028 3605 visum
1046 3527 1101 3604 est
1129 3552 1254 3632 agere,
1284 3546 1323 3604 et
1349 3554 1480 3607 earum
1500 3526 1717 3607 affectiones
1739 3529 1847 3608 novis
1875 3528 1928 3607 ita
1949 3532 2156 3613 rationibus

810 3666 936 3749 multo
965 3663 1115 3744 facilius
1149 3665 1292 3772 exponi
1317 3664 1434 3773 poss‘e.
1484 3670 1569 3783 Qi
1596 3687 1727 3765 autem
1757 3666 1835 3749 hoc
1866 3671 2041 3777 ceperint
2060 3700 2156 3753 con·

808 3804 950 3897 filium,
966 3803 1095 3884 saltem
1115 3832 1164 3882 ex
1178 3805 1222 3882 iis
1236 3802 1461 3897 notiffimos,
1475 3823 1514 3885 et
1533 3780 1701 3915 quorum
1719 3834 1836 3915 opera
1848 3809 2042 3918 praecipue
2060 3810 2157 3898 sadta

807 3946 863 4023 est
881 3944 963 4026 haec
981 3943 1273 4054 principiorum,
1302 3961 1348 4023 ut
1366 3944 1419 4023 ita
1446 3942 1585 4036 dicam,
1610 3944 1843 4037 immutatio,
1868 3947 2061 4038 recensere
2074 3949 2156 4064 jam

809 4085 1018 4192 pergimus.

867 4220 1014 4303 Conica
1027 4218 1156 4330 itaque
1166 4219 1279 4332 juxta
1292 4219 1393 4300 hanc
1405 4220 1634 4308 methodum
1648 4224 1797 4334 primus
1813 4228 2025 4336 *trastavit
2037 4256 2153 4338 mag-

808 4385 905 4440 num
923 4358 986 4438 ille
999 4359 1144 4437 Oxonii
1154 4359 1284 4453 decus,
1292 4379 1331 4441 et
1342 4359 1485 4449 ibidem
1494 4361 1714 4445 Geometriae
1721 4364 1907 4476 Proseffor
1920 4367 2153 4489 Sapilianus,

851 4633 870 4671 ⁸
893 4633 1013 4699 Primus,
1036 4634 1077 4691 uti
1089 4634 1124 4691 de
1138 4636 1192 4695 hac
1205 4658 1235 4696 re
1248 4639 1365 4697 statuere
1375 4637 1436 4714 jam
1450 4640 1599 4717 possumus,
1614 4640 1766 4702 Wallifius.
1798 4643 1874 4704 Cum
1894 4659 1988 4703 tamen
2002 4643 2023 4702 li
2038 4645 2154 4703 Mathe·
2260 4663 2273 4698 ·.

809 4729 975 4789 maticorum
989 4729 1136 4791 illustrium
1148 4736 1297 4813 De‘sargues
1313 4748 1342 4793 et
1358 4737 1456 4813 Pascal
1477 4756 1564 4815 opera
1584 4736 1620 4795 ad
1639 4757 1689 4798 nos
1703 4755 1897 4817 pervenerant,
1919 4740 1961 4799 illi
1979 4740 2102 4810 fortasse,
2123 4752 2154 4799 ut

807 4826 928 4896 eandem
946 4840 1011 4885 ante
1025 4827 1184 4888 wallifium
1206 4828 1281 4888 viam
1304 4829 1427 4909 ingressi,
1447 4832 1522 4909 prius
1538 4833 1704 4892 numerandi
1717 4834 1837 4895 fuissent.
1873 4837 1921 4895 De
1945 4836 2039 4897 altero
2057 4838 2154 4897 horum

808 4923 913 4982 etenim
927 4923 967 4982 ita
981 4926 1139 4985 Montucla.
1160 4932 1191 4963 “⁴
1202 4924 1360 5005 Desargues
1374 4927 1444 4987 etoit
1458 4948 1495 4986 un
1509 4928 1567 4987 ami
1580 4929 1617 4988 de
1629 4930 1790 5001 Descartes,
1804 4932 1852 5012 qui
1872 4932 1950 4992 avoir
1963 4934 2032 4991 l’art
2045 4950 2145 4998 encore

808 5036 865 5108 peu
875 5037 1006 5080 commun
1017 5018 1194 5105 d’envitager
1213 5026 1255 5086 les
1275 5024 1380 5103 objesls
1403 5026 1463 5090 sous
1484 5027 1534 5089 des
1551 5048 1619 5091 rues
1640 5029 1869 5111 tres-ginirales.
1905 5032 1933 5092 Il
1956 5051 1992 5094 en
2007 5026 2102 5100 donna
2114 5050 2151 5090 ¹¹¹¹

2089 5125 2152 5190 eui
