5184 6600
846 1065 879 1178 3
886 1027 963 1182 58
1031 1027 1128 1142 De
1155 1017 1441 1139 senonum
1473 946 1781 1140 comarum
1802 1021 2098 1174 Douma,

844 1297 960 1387 atque
989 1284 1119 1374 initiis,
1153 1283 1214 1363 sed
1244 1282 1439 1406 etiamlde
1458 1281 1659 1360 uberrimis
1686 1281 1766 1361 fere
1791 1283 1890 1362 illius
1920 1283 2183 1376 incrementis,

843 1443 988 1536 quanto
1009 1425 1225 1530 diligentius
1254 1424 1509 1538 Apollonium
1538 1421 1732 1513 evolverit,
1763 1438 1870 1500 tanto
1888 1422 2014 1501 minus
2034 1450 2127 1501 eum
2144 1424 2185 1501 in

800 1597 804 1605 ·
841 1563 983 1639 caeteris
1008 1563 1203 1640 immorari
1226 1563 1371 1642 neceffe
1389 1563 1473 1639 erit.
1522 1562 1585 1639 De
1604 1561 1685 1666 ejus
1706 1559 1916 1641 Librorum
1947 1579 2077 1640 autem
2104 1559 2185 1639 fato

841 1718 955 1808 atque
973 1699 1134 1780 fortunis
1154 1730 1276 1810 pauca
1295 1702 1422 1809 primo
1441 1698 1601 1779 dicenda
1619 1699 1717 1776 sunt.
2249 1787 2251 1791 v

897 1842 961 1918 Ex
980 1842 1026 1918 iis
1044 1841 1174 1948 igitur,
1187 1842 1252 1919 diu
1273 1869 1343 1950 pro
1363 1839 1566 1947 deperditis
1585 1836 1708 1917 habiti
1726 1855 1834 1915 erant
1852 1851 2018 1942 quatuor
2035 1832 2091 1913 illi
2110 1861 2183 1914 no·
2263 1865 2274 1869 ’

840 1979 992 2071 viffimi‚
1014 2008 1111 2086 quos
1132 1981 1180 2059 de
1201 1982 1355 2059 Conicis
1376 1977 1596 2085 conscripfit
1616 1974 1860 2083 Apollonius.
1915 1977 2058 2082 Neque
2077 1972 2180 2052 frue-

839 2115 979 2194 bantur
990 2119 1049 2208 iis,
1064 2146 1186 2225 neque
1204 2119 1273 2196 ubi
1292 2143 1355 2195 eos
1376 2116 1544 2194 invenire
1557 2115 1702 2203 liceret,
1723 2115 1881 2192 omnino
1900 2111 2184 2220 suspicabantur

841 2253 883 2348 ii,
898 2256 966 2362 qui
981 2283 1051 2363 per
1068 2259 1266 2364 Europam
1283 2258 1323 2334 in
1335 2254 1464 2333 studiis
1480 2252 1770 2333 Mathematieis
1792 2253 1927 2336 versati
1940 2251 2041 2333 sunt.
2073 2252 2184 2330 Tan·

837 2392 929 2474 dem
943 2394 1149 2501 aliquando
1169 2396 1238 2473 ubi
1257 2423 1438 2500 magnam
1456 2421 1505 2472 ex
1524 2393 1685 2472 Oriente
1707 2391 1832 2473 Codd.
1854 2393 1973 2471 MSS.
1992 2389 2183 2470 Arabico,

832 2559 926 2635 tum
945 2535 1096 2651 copiam
1115 2533 1246 2611 secum
1266 2533 1427 2612 domum
1445 2531 1649 2610 advexerat
1668 2529 1879 2611 Goliurille
1898 2530 2183 2640 celeberrimus,

839 2673 1002 2779 Linguae
1021 2675 1195 2751 Arabicae
1214 2690 1251 2751 et
1266 2670 1486 2751 Mathesoos
1504 2673 1607 2778 apud
1623 2670 1821 2751 Leidenses
1837 2670 2050 2764 Praeledtor,
2059 2698 2183 2750 unum
2301 2683 2303 2687 ’

838 2837 887 2888 ex
906 2813 949 2888 iis
968 2808 1229 2917 deprehendit,
1249 2813 1288 2889 in
1308 2837 1387 2917 quo
1406 2806 1587 2888 extabant
1602 2807 1800 2916 Apollonii
1813 2808 1933 2890 Libri
1936 2809 2085 2918 priores
2088 2811 2182 2917 sep-

736 3004 738 3007 -
836 2965 923 3029 tem.
955 2951 1057 3029 Mox
1071 2950 1267 3057 egregium
1281 2948 1356 3027 hoc
1373 2953 1505 3064 ἕψημα,
1518 2973 1618 3026 anno
1633 2973 1773 3053 nempe
1789 2949 2009 3067 ¹⁶44·⁰⁰¹1¹
2026 2946 2182 3026 literatis

834 3084 1056 3167 hominibus
1069 3088 1302 3169 aMersenno
1316 3086 1649 3168 communicatum
1662 3084 1759 3165 est.*
1788 3086 1924 3165 Statim
1938 3113 2079 3194 magna
2093 3113 2181 3166 orn,

835 3228 948 3307 nibus
972 3230 1054 3337 spes
1080 3228 1250 3323 suboriri,
1281 3230 1347 3309 diu
1367 3229 1498 3320 senon
1519 3224 1788 3307 defideraturos
1807 3225 1881 3307 effe
1899 3227 2047 3335 integra
2064 3244 2180 3342 atque

825 3372 1014 3449 omnibus
1033 3374 1201 3452 numeris
1221 3371 1391 3455 absoluta
1407 3368 1602 3480 Apollonii
1620 3396 1748 3476 opera.
1783 3365 1929 3458 Postea,
1946 3393 2034 3473 quae
2046 3367 2178 3474 fingu-

835 3506 921 3585 laris
940 3507 1137 3588 videbatur
1155 3510 1389 3588 effe'Borelli
1408 3508 1576 3601 fortuna,
1598 3508 1728 3588 omnia
1744 3506 1860 3587 etiam
1881 3505 2057 3614 reperiffe
2074 3533 2177 3599 eum,

828 3670 969 3725 rumor
988 3643 1133 3751 ubique
1164 3644 1339 3724 invaluit.
1373 3681 1379 3690 ·
1398 3646 1436 3725 Is
1455 3650 1560 3726 enim
1579 3675 1673 3726 cum
1693 3648 1727 3727 F
1729 3646 1922 3740 lorentiae,
1939 3646 1986 3724 ad
2011 3673 2130 3754 quam
2158 3671 2181 3723 a

836 3784 935 3893 Pifis
949 3785 1280 3891 commigraverat,
1312 3786 1476 3867 Codices
1504 3781 1625 3866 MSS.
1646 3801 1845 3865 excuteret
1869 3812 1917 3864 ex
1940 3783 2179 3864 Bibliotheca

837 3922 1015 4005 Medicea
1030 3926 1116 4032 quae
1130 3926 1265 4010 Romae
1279 3943 1372 4016 erat,
1389 3954 1511 4035 nuper
1529 3925 1685 4016 delatos,
1703 3925 1741 4003 in
1761 3927 1884 4004 unum
1902 3950 1951 4002 ex
1970 3923 2014 4002 iis
2030 3922 2177 4014 incidit,

835 4060 950 4139 titulo
975 4061 1051 4143 hoc
1078 4064 1312 4170 insignitum,
1354 4080 1383 4119 ‘⁸
1412 4066 1604 4175 Apollonii
1633 4066 1778 4173 Pergaei
1803 4056 2040 4156 Conicorum
2069 4063 2178 4144 Libri

837 4198 972 4278 Orto?
1024 4204 1231 4279 Annuente
1253 4204 1382 4310 itaque
1409 4205 1648 4286 Ferdinando
1677 4205 1841 4303 secundo
1861 4207 2025 4286 Etruriae
2050 4208 2177 4297 Duce,

837 4340 2178 4444 A.D.1661.LatinamejusVerfionemFlorentiaeediditAbrahamus
2256 4389 2260 4392 2

836 4477 1075 4583 Ecchelletfis
1097 4480 1232 4570 Arabs,
1263 4473 1388 4587 ipsum
1408 4482 1447 4558 in
1473 4481 1548 4562 hoc
1568 4512 1680 4593 opere
1707 4486 1919 4592 adjutorem
1950 4485 2020 4565 fibi
2045 4489 2177 4565 nactus

710 4638 713 4641 ⁴
836 4615 1037 4695 Borellum.
1101 4617 1162 4696 lbr
1200 4620 1338 4708 omnis,
1378 4647 1463 4727 quae
1500 4620 1723 4702 horninibus
1764 4622 2058 4703 Mathematicis
2098 4643 2177 4704 tam

893 4880 909 4910 ι
930 4874 1005 4933 Vide
1029 4876 1174 4935 Universae
1199 4877 1383 4944 Geometriae‚
1418 4878 1578 4964 M‘ixtaeque
1598 4882 1809 4963 Mathematicae
1835 4885 1981 4965 Synopfin,
2004 4904 2075 4964 pag,
2106 4902 2174 4961 ²74·
2204 4843 2213 4858 ’

838 4970 1616 5060 §.tudioetoveraf·u.uassemvarino,1⁶44.
1783 4968 1786 4973 ·
1856 4967 1859 4975 ’
2153 4964 2157 4973 ·

2021 5071 2186 5185 penitus·
