5184 6600
909 1006 1010 1123 De
1050 960 1344 1127 parabola.
1632 1107 1634 1110 ,
1710 1024 1800 1174 65³

446 1282 536 1356 Part
552 1277 582 1354 1.
708 1276 935 1353 UONIAM
957 1303 1002 1352 ex
1024 1278 1219 1378 hypothesr,
1245 1280 1293 1355 est
1310 1280 1461 1379 angulus
1479 1284 1584 1360 EAG
1602 1289 1727 1386 renus,
1753 1256 1804 1371 et:

731 1418 795 1491 per
811 1390 895 1466 Def.
920 1413 956 1487 7.
983 1395 1077 1469 reeta
1102 1397 1175 1469 AD
1203 1397 1267 1495 ipst
1285 1396 1356 1471 GE
1382 1400 1695 1495 perpendicularis,
1723 1398 1789 1473 erit

441 1507 690 1605 redangulum
706 1509 814 1587 EDG
833 1512 934 1607 (8.et
953 1529 1010 1600 17,
1029 1508 1086 1598 6.)
1102 1509 1240 1607 aequale
1260 1510 1436 1609 quadrato
1456 1535 1501 1587 ex
1529 1515 1603 1587 AD
1614 1548 1625 1599 t
1652 1532 1690 1586 et
1704 1536 1786 1609 pro-

444 1621 528 1696 inde
544 1648 609 1721 per
631 1624 739 1724 Prop.
771 1646 830 1699 tt.
856 1622 1105 1719 redtangulum
1128 1624 1235 1698 EDG
1259 1623 1396 1722 aequale
1420 1623 1469 1696 est
1491 1626 1699 1726 redangulo
1722 1625 1786 1699 sub

441 1736 643 1834 perimetro
668 1739 741 1813 axis
764 1759 801 1813 et
825 1737 968 1811 abscidit
985 1738 1064 1813 BD.
1117 1740 1174 1812 Ut
1198 1738 1307 1836 igitur
1324 1740 1350 1811 F
1357 1741 1393 1811 D
1413 1739 1457 1812 ad
1474 1742 1540 1814 BD
1560 1741 1611 1817 ita
1628 1742 1661 1816 se
1678 1741 1787 1816 habet

442 1874 642 1951 parameter
669 1856 744 1929 axis
769 1856 814 1929 ad
837 1855 923 1929 DG.
974 1854 1044 1927 Sed
1067 1849 1209 1925 absciffa
1233 1852 1300 1924 BD
1319 1850 1512 1926 dimidium
1536 1854 1585 1928 est
1608 1854 1784 1954 segmenti

440 1966 513 2041 ΕΙ)
530 1993 594 2067 per
609 1970 718 2070 Ptop.
737 1971 774 2043 6.
794 1991 831 2044 et
846 1988 1033 2068 propterea
1050 1966 1120 2040 DG
1135 1966 1331 2041 dimidium
1344 1967 1534 2066 parametri
1552 1967 1785 2067 axin-Seg-

443 2102 605 2155 mentum
621 2084 695 2156 DG
713 2082 845 2157 dicitur
862 2082 1090 2155 Subnomalis.

492 2196 583 2269 Pars
601 2196 650 2271 11.
679 2197 946 2294 Renangmum
969 2194 1074 2268 GED
1098 2200 1177 2292 (per
1203 2200 1222 2268 8
1246 2214 1283 2269 et
1312 2203 1367 2290 ¹7·
1392 2196 1445 2289 6.)
1472 2198 1611 2297 aequale
1627 2198 1678 2272 est
1693 2224 1783 2298 qua-

441 2309 546 2383 drato
572 2335 617 2384 ex
645 2310 735 2396 ΑΕ;
763 2312 832 2384 hoc
860 2310 921 2397 est,
946 2333 1011 2406 per
1027 2311 1119 2412 Cor.
1136 2331 1167 2383 1.
1184 2310 1230 2383 ad
1258 2312 1370 2410 Prop.
1400 2335 1463 2406 ιι.
1485 2311 1691 2410 redangulo
1718 2312 1782 2386 sub

442 2424 507 2496 ΕΒ
524 2443 561 2496 et
578 2421 779 2522 ¹parametro
795 2423 956 2497 diametri
973 2424 1066 2497 AH.
1118 2424 1243 2523 Itaque
1260 2443 1301 2497 ut
1316 2425 1388 2499 ΕΙ)
1405 2427 1450 2499 ad
1467 2427 1531 2501 ΕΒ
1550 2427 1599 2499 ita
1619 2450 1782 2525 parame-

439 2556 497 2611 ter
511 2537 676 2612 diametri
692 2541 771 2613 AH
789 2541 870 2637 (16.
891 2538 944 2628 6.)
962 2538 1007 2610 ad
1021 2533 1121 2613 EG«
1154 2540 1393 2635 Segmentum
1409 2563 1496 2613 vero
1513 2539 1577 2613 ΕΒ
1590 2539 1783 2613 dimidium

398 2655 403 2662 '
438 2651 493 2724 est
507 2648 679 2749 segmenti
689 2654 772 2741 Et),
787 2670 824 2725 et
841 2650 977 2726 idcirco
992 2650 1216 2749 segmentum
1228 2650 1299 2725 EG
1315 2650 1509 2727 dimidium
1522 2651 1711 2751 parametri
1724 2651 1781 2726 di-

436 2767 566 2840 ametri
582 2766 676 2856 AH,
701 2792 765 2866 per
777 2768 983 2842 conradum
998 2768 1036 2840 A
1054 2763 1275 2841 transeuntis.

492 2881 577 2954 Cor.
606 2881 708 2957 Hinc
737 2880 923 2956 manifesto
951 2880 1098 2969 constat,
1133 2898 1378 2980 parametrum
1408 2882 1481 2957 axis
1511 2879 1687 2957 minorem
1713 2882 1781 2956 effe

436 3015 645 3094 parametro
662 2992 814 3100 cujusvis
829 2996 918 3072 alius
934 2994 1112 3071 diametri.

875 3268 1045 3352 PRO
1079 3267 1127 3353 P.
1195 3266 1334 3351 XXII.

439 3492 567 3573 Recta
584 3515 607 3568 a
624 3491 772 3599 puncto
791 3488 931 3597 quovit
951 3488 994 3569 in
1012 3487 1133 3570 cuth
1146 3488 1342 3598 parabolae
1354 3487 1404 3570 ad
1422 3486 1563 3573 focum
1577 3486 1711 3582 duaa,
1725 3487 1782 3570 est
1868 3515 1871 3519 ’

444 3610 448 3615 ’
498 3630 651 3818 (iiim
669 3639 757 3722 pars
783 3613 1001 3723 patametti.
1012 3612 1199 3696 diametri
1221 3640 1292 3725 pet
1320 3613 1429 3695 idem
1453 3617 1649 3725 pandum
1670 3631 1780 3696 tran·
1831 3724 1833 3727 Ι

409 3995 416 4001 ·
538 3965 763 4041 UCATUR
782 3965 953 4066 apunsto
965 3962 1094 4064 quovis
1107 3962 1158 4049 A,
1175 3960 1211 4035 in
1224 3957 1332 4035 curve
1348 3959 1529 4056 parabola.
1540 3958 1640 4033 ABC
1651 3957 1782 4058 potito,
1810 3995 1887 4058 pm,
1904 4008 1955 4054 Μ,

563 4084 658 4157 reeta
668 4083 737 4158 AF
754 4083 802 4157 ad
817 4080 942 4158 focum
958 4084 1013 4166 F·,
1030 4081 1096 4155 erit
1113 4078 1180 4152 AF
1196 4094 1323 4178 quarta
1339 4098 1419 4176 pars
1435 4074 1626 4177 patametri
1642 4074 1784 4151 diame-

441 4205 487 4272 tri
504 4201 584 4274 AH
601 4223 666 4298 per
677 4199 853 4298 punttum
867 4202 905 4273 A
921 4196 1139 4273 trunseuntis.
1205 4214 1207 4218 ’

491 4315 561 4387 Per
574 4314 756 4411 pundum·
769 4316 807 4388 A
823 4313 975 4388 ducatur
990 4312 1201 4409 contingens
1212 4310 1284 4387 AF.
1301 4330 1341 4385 et
1357 4327 1521 4384 occurrat
1537 4307 1597 4382 axi
1614 4309 1680 4383 BG
1697 4332 1783 4406 pro·

441 4429 552 4503 dudo
568 4428 605 4502 in
620 4431 755 4528 peneto
772 4429 818 4506 E.
868 4429 983 4504 Porro
1000 4428 1153 4502 ducatur
1168 4425 1243 4500 AG
1267 4422 1489 4522 contingenti
1507 4421 1579 4497 ΑΕ
1594 4422 1784 4520 perpendi·

440 4543 585 4634 cularis,
599 4563 636 4618 et
649 4562 812 4624 occurrat
828 4543 884 4618 axi
899 4545 936 4618 in
953 4543 1088 4642 pundo
1101 4543 1148 4616 G.
1191 4541 1307 4614 Erunt
1320 4538 1430 4637 igitur
1447 4538 1603 4636 aequales
1615 4538 1697 4626 AF,
1707 4538 1786 4627 ΒΕ,

436 4684 508 4761 per
523 4660 607 4734 Cor.
628 4682 662 4734 2.
687 4660 796 4757 Prop.
818 4663 875 4734 18.
925 4656 989 4731 Est
1003 4656 1113 4731 etiam
1132 4656 1282 4754 angulus
1299 4654 1407 4728 EAG
1421 4654 1551 4743 redut,
1566 4672 1605 4729 et
1618 4672 1785 4756 propter-

438 4798 484 4850 ea
505 4771 537 4848 fi‘
557 4793 679 4849 centro
694 4774 726 4848 F
744 4793 780 4848 et
796 4771 959 4848 distantia
979 4772 1049 4846 ΡΑ
1072 4770 1226 4846 circulus
1252 4769 1481 4860 describente,
1507 4768 1788 4877 circumferentia

436 4888 519 4989 ejus
542 4911 607 4990 pet
620 4889 754 4988 putida
774 4888 822 4979 E,
840 4889 876 4964 G
894 4890 977 4991 (31.
994 4889 1051 4983 3.)
1074 4887 1247 4967 tranfibit.
1299 4887 1427 4993 ltaque
1445 4886 1495 4964 est
1508 4886 1578 4964 AF
1594 4882 1788 4961 dimidium

1042 4993 1044 4996 ’
1103 5000 1121 5076 1
1462 4997 1465 5000 ’
1684 4994 1791 5070 reeta
