5184 6600
770 988 856 1112 30
1020 947 1310 1071 Seli'ionum
1331 950 1648 1072 ‘Com'carum
1692 955 1774 1073 L1
1789 990 1838 1074 n.
1867 961 1956 1083 Il..

826 1173 925 1246 Nam
942 1172 1092 1246 ducatur
1108 1197 1171 1273 per
1182 1171 1356 1247 verticem
1369 1173 1398 1244 B
1413 1176 1507 1247 redta
1520 1175 1586 1247 BD
1600 1174 1772 1250 ordinatae
1784 1176 1865 1250 AH
1879 1178 2059 1277 parallela,
2078 1198 2119 1255 et

776 1306 943 1361 occurrat
959 1290 1030 1360 ΑΕ
1049 1288 1085 1360 in
1102 1289 1235 1384 pundo
1252 1291 1301 1365 Ι).
1355 1291 1420 1362 Per
1437 1292 1612 1387 pundlum
1629 1293 1665 1364 D
1687 1291 1835 1366 transeat
1852 1294 2025 1372 diameter
2044 1301 2116 1374 DG

776 1421 813 1474 et
836 1420 1000 1476 occurrat
1022 1401 1192 1474 ordinatae
1215 1402 1251 1475 in
1272 1404 1406 1499 puncto
1433 1404 1479 1477 G.
1532 1405 1696 1477 Ducatur
1712 1389 1805 1479 reeta
1822 1409 1902 1495 AB,
1927 1434 2120 1486 occurrens

776 1514 841 1613 ipsi
858 1517 929 1587 DG
943 1515 978 1587 in
994 1515 1128 1613 puncto
1142 1516 1184 1588 F.
1216 1515 1316 1587 Turn
1333 1516 1427 1588 rena
1443 1519 1509 1590 BD
1529 1518 1715 1617 continget
1730 1521 1938 1617 parabolam
1949 1550 2012 1622 per
2029 1526 2122 1602 Cor.

781 1652 812 1702 r.
833 1630 942 1727 Prop.
963 1653 998 1723 3.
1025 1650 1061 1702 et
1078 1630 1225 1727 proinde
1242 1630 1336 1703 reda
1354 1633 1419 1706 AB
1437 1631 1600 1706 bifariam
1616 1632 1788 1707 secabitur
1805 1635 1841 1707 in
1855 1640 1992 1735 puncto
2010 1642 2039 1712 F
2055 1661 2122 1736 per

776 1745 862 1819 Cor.
885 1771 914 1819 r.
942 1747 1048 1844 Prop.
1067 1767 1100 1843 ς.
1153 1748 1278 1835 Porro,
1305 1745 1482 1843 triangula
1498 1748 1609 1834 FDB,
1623 1749 1727 1824 FGA
1745 1754 1821 1847 (29.
1845 1756 1894 1843 1.)
1908 1751 1987 1824 sunt
2004 1753 2122 1853 aequi-

777 1862 922 1958 angula,
940 1882 976 1936 et
993 1862 1126 1936 idcirco
1143 1862 1248 1936 restae
1260 1864 1341 1950 BD,
1358 1864 1430 1935 AG
1448 1862 1528 1961 (26.
1552 1863 1603 1951 1.)
1623 1860 1701 1934 sunt
1718 1864 1884 1961 aequales.
1929 1868 1998 1940 Sed
2012 1869 2119 1941 reelae

779 1977 845 2050 BD
863 1980 942 2075 (34.
962 1978 1012 2071 1.)
1031 1979 1107 2051 GH
1121 1977 1385 2077 suntaequales;
1404 1994 1440 2048 et
1455 1974 1602 2073 proinde
1619 1976 1713 2049 reela
1732 1979 1809 2050 AH
1824 1978 1935 2076 dupla
1947 1980 1996 2052 est
2008 1982 2119 2055 ret‘tae

778 2093 858 2166 BD.
885 2092 1031 2181 Rursus,
1049 2113 1089 2167 ut
1104 2094 1185 2167 AH
1202 2094 1247 2167 ad
1262 2095 1330 2168 DB
1348 2092 1397 2165 ita
1411 2100 1466 2187 (4.
1487 2091 1541 2184 6.)
1555 2089 1632 2163 ΕΗ
1650 2090 1694 2164 ad
1711 2092 1786 2166 ΕΒ.
1822 2094 1922 2192 Ergo
1934 2094 2029 2167 reeta
2041 2095 2125 2170 ΕΗ

779 2208 888 2306 dupla
900 2209 949 2282 est
961 2210 1066 2283 reuae
1079 2210 1156 2299 ΕΒ,
1172 2230 1208 2284 et
1223 2230 1411 2310 propterea
1423 2206 1651 2304 segmentum
1667 2207 1729 2279 ΕΒ
1743 2207 1878 2306 aequale
1896 2210 1946 2286 est
1963 2201 2127 2285 abscill‘aa

627 2446 674 2485 ¹⁰·
711 2469 719 2483 ·
830 2438 913 2512 Cor.
941 2437 1223 2511 Siaverticibus
1238 2439 1280 2525 Β,
1299 2437 1330 2509 C
1347 2435 1604 2510 diametrorum
1621 2436 1698 2525 ΒΕ,
1717 2435 1794 2524 CF,
1810 2436 1993 2534 parabolae
2005 2438 2122 2526 ΑΒΕ,

779 2556 956 2627 ducantur
982 2553 1085 2626 reftae
1106 2552 1181 2637 BF,
1207 2551 1287 2637 ΟΕ,
1313 2551 1492 2627 diametris
1515 2553 1591 2641 CF,
1620 2553 1683 2626 ΒΕ
1704 2550 1894 2626 ordinatim
1912 2552 2098 2649 applicatae
2109 2586 2125 2637 ;·

779 2669 847 2742 erit
863 2667 1004 2742 abscilla
1019 2668 1082 2741 BE
1100 2665 1251 2740 abscillae
1269 2667 1333 2740 CF
1349 2668 1508 2764 aequalis.
1547 2670 1647 2740 Nam
1658 2667 1812 2740 ducatur
1827 2689 1891 2764 per
1902 2667 2076 2741 verticem
2088 2668 2127 2742 C

780 2785 877 2856 reeta
889 2785 957 2856 CD
970 2783 1140 2856 ordinatae
1151 2782 1211 2855 BF
1218 2781 1397 2880 parallela,
1408 2800 1443 2854 et
1454 2803 1619 2856 occurrat
1630 2780 1878 2855 diametro-ER
1887 2782 2072 2879 produttae
2085 2782 2122 2856 in

781 2887 984 2995 pundloD5
1009 2915 1046 2969 et
1061 2922 1126 2995 per
1141 2896 1225 2969 Cor.
1243 2921 1274 2969 1.
1292 2896 1400 2994 Prop.
1417 2918 1452 2991 3.
1466 2897 1559 2969 reela
1573 2897 1641 2968 CD
1656 2893 1846 2992 continget·
1851 2895 2073 2991 parabolam,
2085 2915 2124 2969 et

781 3013 858 3101 ΕΒ,
877 3013 942 3086 BD
957 3030 1060 3085 erunt
1078 3011 1167 3084 inter
1182 3008 1216 3082 se
1228 3009 1382 3107 aequales
1399 3034 1463 3107 per
1477 3010 1568 3082 hanc
1580 3011 1687 3107 Prop.
1723 3011 1849 3093 Porro,
1860 3007 1909 3082 est
1926 3009 2040 3105 ligura
2052 3012 2129 3083 DF

781 3125 1158 3223 parallelogrammum
1174 3148 1236 3221 per
1253 3123 1550 3197 construdlionem
1566 3143 1603 3195 et
1616 3125 1702 3199 Cor.
1725 3148 1756 3197 1.
1776 3120 1860 3196 Del.
1880 3144 1914 3217 3.
1927 3145 1963 3195 et
1973 3123 2125 3221 proinde

782 3248 859 3335 (34.
880 3244 929 3332 r.)
946 3241 1026 3326 DB,
1052 3239 1115 3313 CF
1130 3239 1295 3339 aequales.
1326 3239 1427 3339 Ergo
1443 3237 1523 3312 sunt
1540 3239 1633 3315 inter
1650 3241 1683 3312 se
1701 3235 1859 3335 aequales
1874 3233 2027 3311 abscillae
2043 3237 2126 3326 BE,

1022 3596 1269 3691 PRO'P.
1329 3607 1424 3689 Vll.
1538 3607 1786 3691 PROB.
1845 3610 1880 3688 1.

976 3831 1090 3914 Data
1108 3831 1297 3944 parabola
1316 3831 1527 3912 diametros
1550 3849 1590 3914 et
1610 3857 1723 3912 axem
1743 3833 1930 3914 invenire.

603 4051 753 4126 From.
847 4039 901 4113 lT
919 4037 1000 4110 data
1015 4028 1185 4134 parabola
1203 4039 1320 4123 ΑΒΕ,
1337 4055 1477 4135 oportet
1489 4035 1563 4135 ejus
1579 4037 1822 4112 diametroaet
1839 4060 1942 4111 axem
1953 4035 2123 4113 invenire.

602 4134 678 4188 ΗΟ·
723 4148 752 4207 7·
898 4154 1084 4226 Ducantur
1098 4151 1133 4224 in
1150 4151 1319 4250 parabola
1335 4153 1417 4225 duae
1431 4154 1536 4226 ret‘tae
1552 4152 1637 4240 DE,
1665 4151 1734 4225 Ac
1753 4151 1817 4225 srbi
1836 4151 1994 4228 invicem
2006 4153 2124 4250 paral-

783 4268 875 4357 lelae,
900 4286 936 4341 et
951 4267 1108 4341 secentur
1122 4265 1284 4341 bifariam
1303 4266 1338 4340 in
1350 4265 1492 4366 punctis
1505 4269 1554 4354 G,
1581 4268 1622 4342 F.
1674 4267 1786 4340 Recta
1801 4291 1866 4365 per
1878 4265 2011 4363 puncta
2028 4267 2072 4351 F,
2086 4267 2123 4339 G

783 4383 902 4469 dueta,
915 4382 1132 4480 producatur
1143 4382 1253 4479 usque
1270 4382 1316 4454 ad
1332 4382 1507 4481 punitum
1525 4383 1554 4456 B
1575 4380 1610 4453 in
1620 4379 1779 4454 stelionis
1792 4379 1926 4452 curva:
1940 4379 2035 4452 retla
2046 4380 2121 4467 BF,

737 4566 739 4573 .
784 4521 848 4594 per
873 4499 956 4570 Cor.
974 4499 1079 4594 Prop.
1106 4519 1139 4570 2.
1166 4497 1232 4569 erit
1249 4497 1436 4584 diameter,
1467 4516 1505 4568 et
1522 4496 1660 4594 quaevis
1677 4495 1785 4566 etiam
1801 4493 1894 4566 reeta
1910 4492 2001 4565 intra
2014 4515 2121 4590 para-

782 4612 906 4685 bolam
918 4611 1025 4685 ducta
1041 4611 1105 4708 ipsr
1121 4612 1182 4684 BF
1197 4613 1367 4710 parallelo
1383 4610 1449 4684 erit
1466 4611 1651 4698 diameter,
1676 4633 1742 4708 per
1756 4610 1842 4681 Cor.
1863 4634 1893 4682 r.
1919 4605 2004 4682 Def.
2024 4630 2060 4702 3.

836 4727 872 4801 si
884 4728 978 4801 reela
994 4728 1053 4801 BF
1070 4728 1114 4799 ad
1131 4729 1243 4801 redon
1259 4727 1408 4825 angulos
1426 4729 1535 4801 restas
1553 4727 1640 4814 DE,
1661 4728 1729 4800 Ac
1748 4722 1910 4798 bilariam
1926 4723 2032 4810 secet,
2049 4721 2125 4820 ipsa

784 4841 846 4915 BF
861 4841 928 4914 erit
944 4840 1017 4913 axis
1032 4839 1221 4938 parabolae,
1246 4863 1311 4936 per
1328 4835 1410 4913 Del.
1430 4859 1467 4930 7.
1510 4840 1546 4913 Si
1565 4860 1682 4913 autem
1697 4852 1768 4911 non
1785 4837 1830 4909 ad
1841 4837 1957 4910 rectos
1970 4835 2125 4934 angulos

784 4955 878 5031 setta
901 4955 961 5035 BF
979 4949 1139 5028 bifariam
1162 4950 1253 5026 secat
1278 4952 1388 5028 renas
1414 4954 1495 5043 DE,
1521 4957 1605 5045 AC,
1630 4954 1830 5031 inveniatur
1845 4952 2018 5048 diameter
2034 4951 2123 5038 DE,

2079 5084 2122 5141 ut
