5184 6600
666 1007 956 1133 maenum
990 1009 1300 1139 mum
1341 1015 1481 1139 Lrt.
1506 1007 1594 1139 V,
1680 1013 1797 1180 185

914 1489 1004 1571 PR
1026 1490 1130 1586 ΟΡ.
1190 1492 1309 1584 XIX.

468 1695 511 1780 si
524 1696 572 1779 ab
592 1694 782 1779 alterutro
798 1645 982 1781 focorum
1002 1686 1182 1809 ellipseos
1198 1698 1261 1781 vel
1282 1696 1509 1810 hyperbole
1528 1700 1693 1784 ducatur
1708 1719 1799 1809 per·

521 1819 787 1930 pendicularie
816 1820 865 1901 ad
883 1823 1197 1931 contingentem,
1232 1827 1338 1905 retia
1352 1826 1599 1935 conjungens
1616 1844 1800 1905 centrum

521 1962 563 2030 tt
581 1949 775 2054 pontium
794 1945 976 2027 occursus
998 1947 1158 2057 aqualis
1177 1946 1253 2028 erit
1270 1948 1439 2029 dimidio
1454 1949 1536 2030 axio
1557 1946 1769 2030 transverti.

562 2160 907 2235 ONTINGAT
932 2163 1026 2237 rena
1051 2160 1105 2234 IE
1122 2158 1270 2256 ellipsim
1286 2162 1346 2236 vel
1363 2161 1593 2261 hyperbolem
1614 2161 1651 2236 iu
1667 2162 1802 2262 puncto
1829 2165 1907 2249 rio.
1937 2202 1971 2262 9,

470 2337 477 2348 .
580 2273 625 2359 P,
642 2288 681 2346 et
697 2295 719 2344 a
736 2269 820 2345 foco
836 2272 871 2344 O
886 2272 1036 2345 ducatur
1052 2272 1097 2345 ad
1111 2270 1382 2370 contingentem
1410 2274 1505 2347 retia
1516 2274 1590 2348 OE
1603 2273 1635 2347 ei
1650 2297 1803 2373 perpen-
1877 2331 1879 2336 2
1902 2351 1903 2354 ,
1922 2284 1973 2337 ¹0·

470 2384 657 2473 dicularis;
683 2386 779 2460 reita
795 2387 860 2461 CE
870 2385 1024 2487 jungens
1041 2405 1202 2460 centrum
1217 2388 1247 2462 C
1266 2404 1303 2461 et
1320 2388 1495 2486 punitum
1511 2385 1719 2472 occursusE
1737 2384 1804 2463 erit

471 2502 615 2599 equalis
632 2501 784 2576 dimidio
801 2500 875 2575 axis
892 2500 1072 2576 transversa
1090 2503 1169 2575 AB.

517 2615 570 2689 Sit
585 2616 684 2691 enim
700 2616 787 2689 alter
802 2612 906 2690 focus
916 2617 957 2689 F.
993 2617 1180 2692 Ducantur
1194 2614 1225 2688 F
1228 2614 1272 2703 P,'
1282 2613 1366 2701 ΟΡ,
1383 2634 1421 2687 et
1433 2634 1622 2689 occurrant
1648 2613 1721 2701 FP,
1732 2612 1804 2687 OE
1880 2606 1882 2612 ’

473 2727 534 2803 fibi
547 2729 704 2817 invicem
715 2730 751 2803 in
765 2731 815 2804 D.
840 2730 942 2803 Tum
955 2748 1059 2803 erunt
1075 2728 1428 2826 anguliOPE,DPE
1440 2729 1760 2836 aequales,petcor.
1773 2750 1805 2825 t.

470 2841 574 2940 Prop.
590 2842 647 2917 16.
674 2844 745 2917 Sed
762 2842 883 2942 anguli
900 2840 1015 2931 PEO,
1028 2839 1130 2917 PED
1148 2842 1229 2917 sunt
1244 2843 1416 2942 aequalcs,
1442 2865 1509 2942 per
1535 2839 1752 2940 hypothesin,
1769 2858 1808 2915 ct

472 2953 602 3029 idcirco
619 2955 686 3030 erit
702 2957 773 3031 OE
793 2957 874 3056 (26.
898 2959 946 3046 r.)
977 2954 1041 3052 ipn
1057 2955 1127 3031 ED
1141 2957 1299 3055 aequalis.
1342 2954 1443 3054 Ergo
1467 2976 1510 3031 ut
1531 2958 1600 3031 OC
1618 2957 1664 3032 ad
1679 2956 1742 3029 CF
1757 2955 1808 3028 ita
1936 3034 1939 3038 ,

297 3083 307 3090 ’
468 3067 537 3142 ΟΕ
549 3070 594 3142 ad
609 3069 695 3160 ED,
712 3088 748 3144 et
763 3069 912 3169 proinde
928 3068 1034 3142 rettae
1048 3065 1127 3157 (ΖΕ,
1138 3066 1169 3142 F
1170 3074 1205 3143 D
1224 3073 1278 3170 (a.
1290 3069 1344 3162 6.)
1359 3069 1549 3165 parallelae.
1575 3074 1696 3173 Qatt
1712 3072 1807 3146 retia

471 3179 536 3257 CE
552 3181 603 3258 est
619 3184 767 3293 aeflualis
781 3182 935 3260 dimidio
952 3183 1025 3259 axis
1042 3180 1221 3258 trausverIi
1238 3187 1321 3276 AB,
1345 3209 1410 3287 per
1425 3187 1531 3286 Prop.
1551 3188 1607 3262 18.

519 3410 605 3487 Cor.
625 3408 656 3488 Ι.
683 3413 720 3486 Si
738 3434 759 3487 a
775 3408 865 3488 focis
881 3409 1088 3512 hyperbolae
1104 3411 1164 3486 vel
1176 3412 1338 3512 ellipseos
1350 3414 1529 3491 ducantur
1543 3416 1627 3492 duae
1642 3416 1747 3492 reue
1763 3416 1810 3490 ad

470 3527 740 3625 contingentem
755 3517 819 3625 ipfi
837 3527 984 3627 quidem
1010 3529 1057 3603 ad
1072 3529 1186 3604 renos
1202 3532 1365 3629 angulos,
1383 3533 1584 3633 peripheria
1599 3532 1723 3608 circuli
1741 3554 1806 3606 cu·

468 3638 525 3732 jus
549 3638 722 3717 diameter
737 3643 786 3718 est
803 3642 877 3717 axia
900 3639 1108 3718 transversus
1131 3662 1167 3718 et
1190 3665 1354 3720 centrum
1370 3647 1401 3720 C
1418 3671 1485 3747 per
1499 3648 1631 3747 pontia
1646 3644 1811 3724 occursus

470 3756 642 3831 transibit.
1195 3782 1198 3791 ·

520 3864 608 3946 Cor.
626 3860 675 3946 11.
701 3871 934 3948 Manentibus
944 3867 1021 3974 jam
1036 3872 1172 3971 pontis,
1184 3871 1296 3948 rettae
1312 3873 1387 3962 FP,
1401 3871 1468 3949 CE
1485 3872 1564 3948 sunt
1579 3873 1767 3974 parallel&

927 4225 1176 4310 PROP.
1256 4227 1354 4309 XX.

469 4464 695 4575 Contingat
727 4469 831 4548 retia
859 4468 932 4550 PT
960 4467 1002 4548 in
1032 4470 1180 4578 puncto
1208 4469 1240 4551 P
1268 4467 1440 4577 elliphm
1464 4467 1526 4547 vel
1556 4464 1812 4578 hyperbolum
1840 4532 1904 4594 pm
1935 4552 1947 4594 Ι

531 4591 615 4681 BP,
637 4592 752 4698 cujus
773 4590 848 4670 fint
865 4590 946 4673 foci
971 4592 1031 4686 H,
1050 4596 1090 4685 S,
1118 4594 1200 4672 axis
1222 4591 1454 4674 transversus
1473 4593 1545 4670 AB
1563 4610 1603 4670 et
1627 4595 1812 4673 centrum
1910 4576 1918 4592 ⁶
1943 4557 1989 4697 134'.

530 4713 588 4805 O,
611 4730 652 4792 et
670 4741 693 4793 a
711 4718 858 4823 puncto
878 4716 908 4797 Ρ
925 4716 1090 4796 ducatur
1105 4743 1174 4824 per
1192 4716 1426 4796 alterutrum
1446 4712 1627 4795 focorum
1648 4716 1690 4793 H
1712 4720 1815 4796 retia

532 4835 611 4917 PH
633 4862 840 4918 occurrens
869 4839 909 4919 in
936 4839 989 4935 E,
1007 4865 1027 4918 e
1045 4839 1159 4920 rectis
1184 4838 1270 4932 BE,
1292 4841 1363 4920 Ae
1390 4863 1477 4948 que
1501 4835 1696 4950 parallelae
1727 4839 1817 4916 sunt

1165 4965 1201 5042 A
1235 4988 1258 5041 a
1717 4986 1817 5041 con·
