5184 6600
919 985 1091 1145 Caput
1130 980 1393 1099 Primum.
1738 948 1856 1147 317

522 1234 742 1440 &sirmii
754 1235 802 1317 ab
821 1234 933 1316 initio
952 1237 1169 1318 recensurus
1188 1237 1257 1330 est,
1277 1265 1459 1346 magnam
1477 1236 1635 1320 afferant
1653 1240 1866 1327 molestiam

522 1387 617 1439 nece
647 1387 707 1439 ee
746 1416 756 1438 .
1334 1391 1340 1396 ·

589 1499 726 1605 Itaque
745 1513 784 1576 et
809 1524 902 1580 cum
922 1497 1044 1578 doctis
1070 1494 1292 1576 hominibus
1326 1524 1395 1578 nos
1425 1500 1584 1580 omnino
1606 1500 1649 1581 ed
1675 1502 1760 1612 lege
1785 1505 1866 1583 uti-

520 1663 624 1727 mur,
654 1637 805 1744 nequis
835 1636 986 1716 anobis
1007 1636 1169 1716 scientiae
1194 1634 1311 1742 hujus
1341 1635 1466 1717 fontes
1491 1657 1530 1718 et
1562 1641 1669 1720 initia
1699 1643 1864 1725 dilucide

520 1773 591 1854 fibi
608 1775 753 1856 ostendi
770 1775 905 1884 speret,
924 1777 992 1856 ubi
1013 1777 1052 1856 in
1071 1778 1217 1856 incerto
1231 1774 1319 1856 sunt
1335 1773 1412 1855 fere
1431 1779 1585 1871 omnia;
1612 1777 1781 1859 nostram
1797 1782 1862 1860 in·

520 1926 620 1991 terea
638 1939 716 1993 non
732 1912 880 1993 incuset
897 1911 1134 2006 industriam,
1163 1914 1279 1994 modo
1301 1940 1386 2021 quae
1415 1911 1545 2020 postea
1569 1913 1652 1994 haec
1681 1916 1862 1997 doctrinae

519 2052 676 2158 partitio
695 2052 928 2132 incrementa
946 2055 1111 2162 ceperit,
1140 2081 1183 2134 ea
1201 2052 1397 2162 perspicue
1412 2067 1451 2130 et
1476 2049 1663 2144 ὲυσυνέπἹως
1680 2054 1799 2160 pos1ta
1821 2056 1863 2136 in

516 2187 590 2270 hac
609 2190 735 2273 nostra
753 2192 1077 2272 commentatione
1101 2192 1302 2271 invenerit.
1361 2189 1466 2268 Rem
1497 2212 1531 2266 a.
1550 2187 1739 2299 principio
1758 2192 1859 2270 intess

516 2356 578 2408 reo
597 2324 866 2437 persequemur
885 2357 1056 2423 omnem,
1085 2347 1172 2410 tum
1201 2347 1246 2408 ut
1275 2354 1323 2407 ne
1356 2324 1587 2407 conticescat
1607 2354 1756 2447 eorum,
1788 2329 1857 2438 qui

515 2471 744 2550 recentiores
762 2473 1020 2563 anteiverunt,
1035 2469 1227 2562 laudati03
1247 2487 1333 2548 tum
1345 2485 1390 2546 ut
1408 2466 1453 2546 iis
1472 2464 1707 2572 opitulemur
1724 2469 1856 2561 etiam,
1874 2561 1878 2565 ,

514 2611 584 2716 qui
623 2611 860 2692 Conicorum
891 2609 1089 2692 scientiam
1120 2637 1199 2689 non
1230 2607 1366 2718 primis
1399 2586 1670 2686 tantummodo
1700 2604 1858 2687 salutare
1942 2654 1943 2657 κ

512 2746 642 2841 labris,
673 2747 734 2827 sed
757 2776 891 2830 omnes
917 2749 999 2855 ejus
1018 2747 1179 2828 rationes
1197 2764 1315 2854 atque
1331 2743 1524 2823 ambitum
1544 2773 1760 2856 percurrere
1780 2773 1853 2826 no·

511 2885 661 2968 biscum
679 2886 827 2969 volunt.
887 2891 951 2970 De
981 2887 1138 2995 fingulis
1166 2887 1297 2993 itaque
1319 2885 1388 2992 qui
1411 2882 1557 2963 Conica
1584 2889 1855 2979 tractaverunt,
1955 2888 1960 2893 ’

506 3024 591 3132 jam
620 3026 854 3134 singulatim,
883 3026 1050 3106 dilucide
1082 3025 1199 3106 etiam
1216 3039 1410 3133 quantum
1441 3022 1527 3102 fieri
1544 3024 1669 3132 potest
1688 3044 1727 3104 et
1740 3026 1856 3132 juxta

512 3178 733 3272 temporum
749 3162 937 3244 ordinem.

566 3304 633 3383 Ex
656 3330 716 3384 ns
740 3329 942 3405 nawa,
975 3306 1044 3415 qui
1060 3302 1256 3413 speciatim
1272 3300 1418 3410 aliquid
1447 3299 1493 3380 de
1513 3300 1669 3382 Conicis
1696 3299 1853 3411 scripse·
1898 3315 2024 3416 Λζξιζξξ·

510 3462 612 3535 runt,
640 3460 681 3522 et
711 3470 878 3551 quorum
907 3442 955 3525 ad
981 3441 1148 3523 nostram
1165 3419 1284 3550 usque
1304 3459 1456 3522 aetatem
1475 3440 1705 3521 devenerunt
1725 3442 1851 3522 Com-

508 3583 702 3675 mentarii,
746 3581 1026 3691 antiquissimus
1044 3581 1099 3662 est
1139 3607 1429 3664 nroruonrus
1464 3608 1485 3659 e
1508 3582 1632 3689 Perga
1651 3582 1849 3662 oriundus.

509 3722 664 3825 Agmen
696 3720 857 3826 inquam
885 3745 1019 3798 eorum
1038 3719 1159 3810 ducit,
1189 3748 1356 3826 quorum
1375 3749 1480 3802 nunc
1501 3723 1685 3829 temporis
1715 3706 1849 3829 super-

508 3856 595 3938 sunt
613 3885 742 3967 opera,
772 3884 858 3965 quae
876 3856 992 3962 hujus
1017 3856 1181 3935 scientie
1198 3858 1378 3937 notitiam
1396 3884 1443 3936 ex
1461 3856 1656 3964 proposito
1678 3857 1848 3938 tradunt.
1949 3834 1953 3836 ’

506 3999 616 4079 Nam
642 3996 691 4076 ab
719 3996 801 4075 aliis
832 4012 873 4078 et
902 4012 1012 4074 antea
1031 3996 1230 4076 tractatam
1247 3992 1356 4077 fuiffe
1376 3994 1615 4074 Conicorum
1635 3992 1848 4074 doctrinam

504 4165 577 4247 pro
602 4152 800 4246 comperto
817 4134 887 4229 est,
918 4159 967 4217 ex
1000 4135 1046 4215 iis
1076 4161 1162 4243 quae
1193 4152 1234 4217 et
1254 4139 1293 4217 in
1312 4133 1525 4246 Apollonii,
1554 4151 1594 4213 et
1624 4134 1664 4214 in
1683 4133 1847 4215 aliorum

505 4277 611 4362 libris
630 4276 760 4358 relicta
778 4272 910 4360 sunt*

514 4493 1840 4534 n—-w-„ss--a——m—-a—-n-h———a-—u

545 4674 564 4713 ⁵
585 4675 660 4736 Vide
673 4677 823 4759 Apollonii
836 4679 956 4750 Conica,
976 4698 1046 4760 pag.
1072 4681 1102 4740 8.
1126 4676 1203 4739 Edit.
1220 4678 1317 4748 Oxou,
1338 4689 1367 4740 et
1381 4677 1561 4740 Archimedis
1576 4680 1686 4761 Opera,
1708 4698 1777 4758 pag.
1796 4696 1845 4757 ¹9·

505 4773 582 4835 Edit.
599 4776 696 4835 Oxou.

1671 4862 1844 4969 Qinam
