5184 6600
593 953 1779 1126 .nffimnnmmnnmnv.iw

788 1345 793 1353 ·
877 1297 1154 1389 ‚PROR
1211 1298 1331 1434 XIV.

454 1488 533 1572 sii
552 1490 701 1599 prinsio
719 1488 859 1600 quovis
873 1489 917 1570 in
935 1486 1055 1572 curvi
1067 1485 1248 1598 ellipseos
1264 1487 1332 1568 vel
1351 1485 1576 1599 hyperbolae
1588 1484 1786 1569 ducantur

508 1610 597 1693 du‘ae
615 1617 726 1695 reeta
742 1615 791 1694 ad
806 1612 944 1705 socon
976 1613 1053 1693 erit
1067 1612 1110 1692 in
1128 1609 1253 1719 ellipfi
1271 1609 1441 1720 ipsarum
1457 1608 1625 1703 summa,
1647 1612 1691 1691 in
1707 1609 1783 1718 hy·

508 1735 674 1844 perhola
692 1762 784 1818 vero
804 1735 977 1847 ipsarum
995 1731 1214 1815 differentia
1232 1733 1397 1844 aqualia*
1410 1733 1474 1816 axi
1490 1732 1712 1816 transverso.

454 1929 692 2098 PATET
716 1953 761 2006 ex
788 1929 896 2028 Prop.
910 1948 971 2022 23.
989 1923 1074 2002 Lib.
1091 1946 1125 2022 3.
1145 1940 1183 1997 et
1199 1924 1306 2025 Prop.
1325 1946 1385 2065 βα.
1402 1893 1488 2002 Lib.
1501 1952 1537 2018 4.

796 2129 1331 2268 narrnirio
1401 2184 1440 2266 a

540 2356 923 2434 ECTANGULUM
951 2355 1015 2433 sub
1036 2354 1213 2430 diametro
1241 2352 1402 2454 ellipseos
1429 2355 1489 2431 vel
1518 2354 1722 2454 hyperbolae
1753 2383 1790 2440 et

565 2470 642 2571 ejus
658 2490 861 2570 parametro
878 2467 1009 2544 dicitur
1025 2467 1130 2568 ipsius
1147 2467 1312 2542 diametri
1330 2469 1469 2567 Figura.

506 2584 590 2658 Cor.
609 2582 640 2657 1.
672 2580 805 2680 Figura
820 2581 989 2656 diametri
1004 2582 1165 2683 ellipseos
1180 2582 1237 2657 vel
1247 2582 1462 2684 ‘hyperbolae
1474 2585 1621 2685 aeqiialis
1633 2586 1684 2662 est
1700 2613 1790 2688 qiia·

456 2698 555 2773 drato
571 2694 708 2795 exejus
724 2695 901 2769 diametro
917 2692 1118 2793 conjugati,
1141 2695 1313 2795 perhanc
1330 2703 1384 2791 (et
1405 2718 1460 2794 17.
1478 2698 1532 2791 6.)

505 2812 592 2885 Cor.
611 2809 661 2885 11.
695 2812 836 2908 Qiaita
857 2831 939 2908 pais
962 2810 1088 2908 fignrae
1120 2808 1281 2885 diametri
1311 2809 1472 2909 ellipseos
1498 2814 1557 2894 vel
1586 2814 1799 2918 hyperbole

457 2922 604 3026 aequalis
620 2922 672 3000 est
687 2919 1011 3025 quadratoexejus
1027 2921 1292 2999 semidiametro
1304 2922 1504 3026 conjugati.
1803 2986 1807 2989 -

629 3132 640 3140 ⁶
790 3244 794 3252 ,
920 3194 1323 3279 rnonxv

461 3399 560 3486 Foci
577 3398 753 3511 ellipseos
781 3399 843 3481 vel
861 3396 1087 3508 hyperbolae
1105 3398 1304 3507 aequaliter
1323 3397 1467 3480 distant
1494 3382 1700 3501 a'centroi
1732 3425 1793 3488 at·

515 3551 596 3637 que
614 3550 637 3604 a
655 3523 866 3606 verticibus
882 3521 964 3604 axis
983 3521 1197 3615 transversi,
1220 3523 1280 3604 uti
1300 3522 1420 3604 etiani
1440 3547 1463 3602 a
1481 3527 1695 3610 verticibus
1714 3530 1796 3612 axii

518 3645 740 3757 conjugati.

355 3804 364 3813 ’
464 3806 709 3989 ΡΑΤΕΤ
726 3839 770 3890 eir
787 3838 859 3892 cor.
878 3818 985 3918 Prop.
998 3837 1057 3893 20.
1084 3814 1171 3892 Lib.
1185 3837 1207 3911 3
1218 3851 1229 3902 ς
1256 3834 1293 3890 et
1307 3840 1379 3892 cor.
1393 3818 1502 3918 Prop.
1517 3843 1575 3919 29.
1596 3822 1680 3896 Lib.
1693 3847 1730 3911 4.

584 3931 671 4006 Cor.
697 3932 802 4006 Patet
816 3955 860 4005 ex
876 3956 948 4007 coi.
968 3956 1004 4008 2.
1022 3929 1109 4006 Def.
1127 3956 1158 4006 i.
1188 3929 1343 4029 hujusce,
1360 3952 1397 4005 et
1413 3929 1496 4008 Def.
1514 3956 1571 4009 io.
1593 3932 1735 4030 Lib-33
1763 3955 1799 4012 et

464 4043 550 4121 Des.
572 4068 631 4121 12.
652 4043 737 4121 Lib.
752 4070 800 4134 4³
826 4045 925 4144 quod
941 4045 1189 4144 restingulum
1205 4044 1268 4120 sub
1286 4045 1436 4120 absciins
1453 4047 1526 4121 axis
1544 4045 1721 4122 transversi
1742 4050 1798 4125 in·

467 4179 520 4239 ter
533 4158 659 4238 focum
671 4179 710 4236 et
721 4160 874 4237 vertices
890 4162 1027 4264 aequale
1040 4159 1089 4236 est
1101 4179 1239 4267 quartae
1255 4162 1346 4260 parti
1360 4161 1503 4258 Figurae
1519 4160 1593 4235 axis
1607 4161 1797 4240 transversi.

909 4353 1357 4488 LnMMnin

366 4572 381 4583 ⁹
540 4581 556 4656 1
572 4575 742 4676 trianguli
759 4580 856 4654 ΑΒΕ
874 4581 1025 4678 angulus
1041 4579 1139 4654 ΒΑΕ
1159 4576 1322 4653 bifariam
1339 4578 1470 4652 secetur
1486 4578 1613 4653 aresti
1623 4581 1712 4666 AD,
1722 4603 1803 4678 quae
1834 4578 1912 4643 Fra.
1933 4585 1963 4640 ⁸·

571 4695 644 4771 basi
660 4694 721 4766 BC
739 4697 895 4772 occurrit
913 4698 950 4772 in
969 4697 1102 4794 pnnsio
1127 4697 1184 4782 D3
1213 4697 1280 4771 erit
1296 4695 1542 4792 restingulum
1560 4692 1622 4767 siib
1638 4695 1720 4779 BA,
1733 4693 1802 4766 AC

466 4811 606 4913 aequale
623 4807 830 4912 tetrangulo
853 4809 916 4886 sub
932 4814 1010 4901 BD,
1023 4812 1090 4887 DC
1105 4813 1176 5001 igi&
1200 4835 1284 4887 cuni
1301 4813 1472 4912 quadrato
1493 4834 1539 4886 eii
1553 4811 1650 4886 AD:
1677 4808 1703 4880 ii
1721 4832 1805 4937 vero

491 5004 494 5007 ,
1169 4946 1190 5004 2
1653 4942 1807 4997 exterior
