5184 6600
703 982 993 1100 Sethonum
1020 974 1331 1103 doricarum
1373 977 1504 1095 Lm.
1538 971 1584 1116 l,
1729 1019 1810 1135 41

478 1202 614 1277 tionem
631 1204 746 1300 figura
762 1206 816 1278 ID
833 1204 883 1276 est
897 1188 1281 1303 parallelogrammum,
1306 1221 1342 1277 et
1365 1200 1513 1302 proinde
1538 1201 1620 1299 (34.
1643 1200 1706 1290 ι.)’
1723 1199 1818 1272 resta
1932 1206 1935 1213 “

479 1318 532 1390 le
550 1319 655 1393 resiae
672 1319 755 1406 ED,
772 1320 867 1392 reeta
881 1321 1032 1392 verolE
1048 1320 1152 1391 reetae
1174 1319 1258 1408 CD,
1276 1318 1435 1417 aequalis.
1486 1317 1586 1413 Ergo
1613 1333 1655 1387 ut
1680 1314 1741 1387 HI
1771 1314 1817 1383 ad

479 1433 551 1507 ΕΙ)
571 1434 619 1507 ita
638 1436 692 1507 Al
711 1436 756 1507 ad
777 1437 839 1507 BC
851 1469 862 1518 ;
888 1454 924 1506 et
945 1453 1134 1532 propterea
1158 1453 1199 1506 ut
1221 1433 1470 1530 reuangulum
1495 1431 1589 1504 HIC
1616 1436 1668 1522 (1.
1695 1427 1748 1516 6.)
1772 1426 1817 1497 ad

482 1550 696 1647 quadratum
713 1575 758 1623 ex
780 1551 850 1623 ED
865 1550 916 1624 ita
931 1551 1178 1646 rettangulum
1202 1550 1293 1623 AIE
1311 1551 1355 1622 ad
1370 1549 1617 1644 reuangutum
1634 1544 1757 1626 BCD;
1783 1559 1820 1622 et

480 1665 720 1761 permutando
736 1684 777 1738 ut
790 1666 1035 1763 reslangulum
1053 1667 1147 1739 HIC
1163 1666 1209 1737 ad
1227 1665 1472 1763 restangulum
1489 1662 1581 1736 AIE
1601 1662 1648 1735 ita
1664 1657 1820 1757 quadra·

481 1797 562 1851 tum
575 1804 618 1851 ex
631 1780 701 1853 ΕΙ)
719 1781 764 1853 ad
779 1782 1023 1878 restangulum
1045 1780 1160 1857 BCD.
1210 1775 1281 1853 sed
1297 1803 1361 1877 per
1375 1781 1483 1874 Prop.
1504 1799 1562 1869 24.
1580 1794 1621 1848 ut
1633 1774 1821 1869 retlangu-
1846 1842 1849 1848 .

483 1891 559 1963 lum
578 1893 671 1966 HIC
686 1893 731 1967 ad
749 1896 995 1991 reclangulum
1009 1896 1098 1967 AlE
1113 1895 1161 1967 ita
1177 1895 1390 1992 quadratum
1406 1916 1451 1964 ex
1464 1890 1533 1964 ED
1551 1890 1595 1962 ad
1608 1888 1821 1987 quadratum

483 2030 528 2079 ex
543 2008 622 2080 CD.
650 2001 749 2104 Ergo
765 2009 1009 2110 restangulum
1022 2012 1121 2083 BCD
1142 2018 1193 2103 (7.
1212 2012 1264 2107 5.)
1282 2009 1421 2109 aequale
1433 2006 1483 2094 est
1494 2005 1668 2106 quadrato
1684 2030 1728 2079 ex
1738 2005 1821 2093 CD,

483 2140 522 2194 et
539 2122 671 2195 idcirco
687 2120 870 2219 segmenta
886 2124 959 2212 BC,
977 2126 1045 2199 CD
1064 2124 1225 2225 aequalia.
1695 2154 1698 2163 ’

534 2230 682 2308 Caeteris
709 2239 949 2325 manentibus,
970 2238 1011 2311 srt
1030 2240 1123 2312 reela
1151 2235 1220 2315 ΑΕ
1246 2236 1337 2311 inter
1359 2238 1532 2337 punitum
1559 2235 1589 2312 F
1613 2256 1650 2312 et
1678 2236 1823 2312 contin·
1851 2250 1928 2316 Pro.
1944 2247 1996 2333 56.
2140 2303 2145 2310 ,r

484 2368 630 2448 gentem
648 2353 726 2426 BD.
780 2353 834 2425 Sit
853 2354 948 2427 resta
972 2356 1054 2427 LM
1077 2352 1179 2426 renis
1204 2350 1287 2441 ΑΕ,
1312 2349 1376 2426 BD
1394 2352 1561 2452 parallela
1583 2371 1619 2426 et
1641 2354 1827 2452 contingat

485 2462 679 2537 sectionem
714 2464 749 2537 in
783 2467 918 2562 pundo
949 2466 989 2540 N
1019 2488 1055 2540 et
1081 2488 1244 2542 occurrat
1276 2461 1562 2565 contingentibus
1588 2462 1662 2557 BF,
1690 2470 1758 2543 DF
1789 2470 1827 2545 in

483 2579 626 2676 punslis
642 2580 690 2668 L,
704 2581 761 2655 M.
813 2581 953 2666 Eodem
971 2582 1108 2681 prorsus
1126 2582 1234 2656 modo
1256 2601 1300 2656 ut
1320 2583 1422 2681 supra
1437 2584 1731 2659 demonstrabitur
1746 2584 1825 2683 seg-

485 2714 607 2767 menta
623 2696 711 2783 LN,
730 2691 817 2769 NM
834 2698 903 2770 esse
918 2698 1082 2797 aequalia,
1094 2718 1130 2772 et
1146 2697 1295 2797 proinde
1309 2695 1525 2797 quadratum
1539 2724 1583 2773 ex
1599 2699 1675 2773 LN
1687 2702 1826 2798 aequale

486 2810 662 2907 quadrato
675 2835 719 2883 ex
735 2812 833 2885 NM.
884 2814 955 2887 Sed
970 2839 1033 2912 per
1046 2815 1131 2886 Cor.
1152 2838 1185 2886 2.
1203 2812 1313 2910 Prop.
1335 2836 1394 2903 24.
1412 2833 1455 2887 ut
1468 2813 1682 2912 quadratum
1696 2839 1739 2888 ex
1752 2815 1828 2890 AL

487 2925 533 2995 ad
549 2924 761 3021 quadratum
773 2953 817 2999 ex
832 2927 905 3001 LN
921 2928 969 3001 ita
984 2929 1195 3026 quadratum
1207 2950 1251 2999 ex
1266 2929 1332 3001 AB
1347 2927 1393 3000 ad
1410 2929 1626 3025 quadratum
1642 2953 1687 3001 ex
1703 2928 1778 3017 Bc,
1790 2949 1828 3003 et

486 3040 726 3136 permutando
751 3062 792 3112 ut
814 3042 1028 3138 quadrarum
1053 3066 1096 3115 ex
1120 3044 1194 3116 AL
1217 3042 1262 3115 ad
1281 3044 1496 3140 quadratum
1521 3069 1565 3116 ex
1587 3035 1652 3118 AB
1670 3031 1719 3117 ita
1735 3069 1825 3142 qua·

488 3153 630 3226 dratum
648 3178 692 3226 ex
709 3155 783 3228 LN
801 3155 846 3227 ad
863 3157 1077 3253 quadratum
1099 3181 1143 3230 ex
1168 3159 1252 3230 BC:
1289 3156 1475 3230 eteodem
1495 3158 1606 3232 modo
1628 3158 1829 3233 ostendetur

468 3269 591 3367 ,quod
607 3268 820 3367 quadratum
838 3295 881 3344 ex
897 3272 976 3345 EM
994 3272 1039 3346 ad
1057 3273 1267 3370 quadratum
1282 3291 1327 3344 ex
1343 3271 1414 3344 ΕΙ)
1435 3270 1486 3345 ita
1500 3272 1534 3346 se
1550 3273 1658 3349 habet
1675 3294 1716 3348 ut
1738 3299 1831 3374 qua·

417 3472 421 3481 ⁴
488 3383 634 3456 dratum
646 3408 690 3457 ex
703 3385 787 3456 MN
801 3386 846 3457 ad
858 3386 1071 3482 quadratum
1086 3411 1129 3460 ex
1143 3387 1223 3462 DC.
1253 3451 1258 3457 .
1273 3386 1332 3458 Ut
1347 3409 1433 3460 vero
1445 3389 1539 3461 reeta
1556 3393 1625 3466 AL
1640 3390 1686 3464 ad
1701 3393 1769 3464 AB
1781 3391 1831 3465 ita

491 3505 570 3592 (ιο.
591 3498 644 3587 6.)
662 3498 744 3571 ΕΜ
762 3499 805 3571 ad
821 3499 905 3591 ΕΙ),
922 3522 960 3575 et
979 3500 1112 3576 idcireo
1127 3526 1191 3600 per
1206 3498 1291 3576 Cor.
1310 3499 1357 3574 ad
1373 3500 1526 3577 Lemma
1552 3531 1590 3596 4.
1611 3524 1654 3579 ut
1676 3506 1830 3605 quadra·

489 3624 571 3685 tum
584 3636 627 3686 ex
644 3611 717 3687 AL
735 3613 780 3687 ad
797 3614 1009 3711 quadratum
1025 3638 1071 3685 ex
1087 3614 1155 3687 AB
1168 3613 1216 3686 ita
1231 3612 1444 3712 quadratum
1461 3640 1505 3689 ex
1521 3617 1602 3692 EM
1618 3616 1662 3690 ad
1678 3615 1831 3715 quadra·

490 3748 572 3804 tum
589 3755 632 3804 ex
649 3731 732 3805 ΕΙ).
783 3728 883 3829 Ergo
910 3750 954 3804 ut
981 3732 1196 3828 quadratum
1220 3755 1264 3804 ex
1289 3730 1366 3803 LN
1390 3729 1435 3803 ad
1458 3731 1672 3828 quadratum
1695 3754 1740 3804 ex
1766 3732 1830 3804 BC

493 3858 574 3946 (ιι.
590 3852 643 3944 5.)
656 3843 705 3921 ita
716 3849 931 3947 quadratum
944 3874 989 3923 ex
1001 3849 1089 3931 MN
1107 3848 1150 3921 ad
1165 3847 1380 3946 quadratum
1396 3871 1441 3919 ex
1456 3847 1538 3918 DC.
1565 3846 1665 3941 Ergo
1682 3851 1763 3940 (14.
1778 3847 1832 3942 ς.)

493 3963 708 4062 quadratum
724 3988 768 4037 ex
787 3966 848 4039 BC
868 3966 1006 4062 aequale
1023 3963 1073 4037 est
1087 3962 1259 4063 quadrato
1276 3986 1321 4035 ex
1341 3961 1425 4048 DC,
1445 3978 1482 4033 et
1502 3957 1636 4034 idcirco
1651 3957 1833 4056 segmenta

492 4079 570 4166 EC,
587 4079 655 4153 DC
670 4078 835 4176 aequalia.
1029 4136 1039 4149 ,
1660 4074 1768 4174 QE.
1780 4077 1831 4148 D.

545 4195 631 4269 Cor.
648 4195 676 4272 Ι,
726 4195 964 4269 Manentibus
990 4192 1069 4295 jam
1094 4192 1230 4290 pofitis,
1257 4189 1353 4264 resta
1374 4214 1437 4288 per
1459 4189 1589 4286 puncta
1610 4189 1652 4276 F,
1678 4190 1832 4273 Cdusta
1858 4204 1936 4271 Fre.
1952 4220 2005 4288 57.·

494 4306 659 4383 bifariam
676 4305 807 4381 secabit
822 4309 984 4406 quamvis
1000 4309 1135 4382 restam
1152 4307 1215 4403 ips1
1235 4307 1303 4380 BD
1319 4304 1525 4403 parallelam
1542 4322 1578 4375 et
1594 4302 1833 4401 contingenti-

494 4424 564 4496 bus
581 4423 663 4509 AF,
680 4422 744 4496 EF
761 4422 999 4495 terminatam.
1051 4423 1228 4494 Occurrat
1251 4421 1349 4494 enim
1373 4422 1467 4493 reeta
1490 4419 1552 4491 FC
1576 4419 1685 4491 restae
1705 4420 1776 4492 ΑΕ
1797 4420 1835 4492 in

494 4537 631 4636 pundo
648 4539 679 4610 P
689 4571 700 4622 3
726 4556 763 4609 et
779 4536 1004 4634 segmentum
1020 4521 1082 4608 BC
1107 4534 1177 4608 erit
1204 4537 1249 4608 ad
1271 4536 1342 4609 ΑΡ
1358 4541 1411 4630 (4.
1431 4534 1485 4621 6.)
1501 4551 1543 4604 ut
1563 4532 1626 4605 FC
1645 4532 1689 4605 ad
1705 4534 1780 4620 FP,
1798 4554 1837 4607 et

494 4652 561 4726 FC
576 4651 622 4725 ad
637 4652 699 4726 FP
714 4671 755 4725 ut
770 4649 994 4748 segmentum
1009 4651 1079 4724 CD
1092 4649 1137 4722 ad
1149 4648 1225 4724 ΕΡ.
1250 4647 1351 4747 Ergo
1363 4647 1475 4721 utBC
1487 4645 1613 4720 adAP
1627 4645 1769 4746 ita(11.
1783 4650 1835 4747 ς.)

478 4765 568 4840 'CD
579 4766 625 4840 ad
638 4765 715 4855 ΕΡ,
732 4785 770 4839 et
783 4764 933 4863 proinde
951 4767 1030 4864 (ι4.
1047 4766 1101 4863 5.)
1119 4764 1201 4855 AP,
1216 4763 1280 4839 ΕΡ
1295 4764 1374 4839 sunt
1385 4763 1550 4863 equales.

548 4881 634 4956 Cor.
658 4883 707 4959 ΙΙ.
735 4878 885 4955 Caeteris
911 4881 1147 4971 manentibus,
1176 4881 1324 4958 breda
1352 4878 1423 4953 ΑΕ
1453 4875 1616 4954 bifariam
1648 4877 1781 4952 secetur
1801 4879 1840 4951 in

495 4994 634 5095 pundo
657 4996 700 5087 P,
726 4995 823 5073 ιοᾶι
846 5017 910 5097 per
930 4995 1064 5097 pundo
1091 4997 1136 5088 C,
1154 4997 1186 5070 P
1207 4996 1316 5076 dueta
1334 4991 1496 5073 bifariam
1515 4994 1649 5073 secabit
1672 4992 1840 5092 quamvis

1142 5107 1175 5188 F
1705 5108 1840 5184 rectam
