<?xml version="1.0" encoding="UTF-8"?>
<!DOCTYPE html PUBLIC "-//W3C//DTD XHTML 1.0 Transitional//EN"
    "http://www.w3.org/TR/xhtml1/DTD/xhtml1-transitional.dtd">
<html xmlns="http://www.w3.org/1999/xhtml" xml:lang="en" lang="en">
 <head>
  <title>
</title>
<meta http-equiv="Content-Type" content="text/html;charset=utf-8" />
  <meta name='ocr-system' content='tesseract 3.04.00' />
  <meta name='ocr-capabilities' content='ocr_page ocr_carea ocr_par ocr_line ocrx_word'/>
</head>
<body>
  <div class='ocr_page' id='page_1' title='image "./sectionumconica00robegoog_0436.png"; bbox 0 0 5184 6600; ppageno 0'>
   <div class='ocr_carea' id='block_1_1' title="bbox 910 947 1817 1119">
    <p class='ocr_par' dir='ltr' id='par_1_1' title="bbox 910 947 1817 1119">
     <span class='ocr_line' id='line_1_1' title="bbox 910 947 1817 1119; baseline 0.002 -49"><span class='ocrx_word' id='word_1_1' title='bbox 910 960 1082 1117; x_wconf 83' lang='lat' dir='ltr'><strong>Caput</strong></span> <span class='ocrx_word' id='word_1_2' title='bbox 1123 947 1375 1073; x_wconf 55' lang='lat' dir='ltr'><strong>Virrium.</strong></span> <span class='ocrx_word' id='word_1_3' title='bbox 1700 967 1817 1119; x_wconf 83' lang='lat'><strong>369</strong></span> 
     </span>
    </p>
   </div>
   <div class='ocr_carea' id='block_1_2' title="bbox 343 1210 1996 4526">
    <p class='ocr_par' dir='ltr' id='par_1_2' title="bbox 343 1210 1996 4526">
     <span class='ocr_line' id='line_1_2' title="bbox 479 1210 1993 1325; baseline -0.001 -31"><span class='ocrx_word' id='word_1_4' title='bbox 479 1213 745 1322; x_wconf 85' lang='lat' dir='ltr'><strong>hujuscemodi</strong></span> <span class='ocrx_word' id='word_1_5' title='bbox 763 1210 1027 1293; x_wconf 70' lang='lat' dir='ltr'><strong>affectionibus</strong></span> <span class='ocrx_word' id='word_1_6' title='bbox 1051 1216 1204 1325; x_wconf 81' lang='lat' dir='ltr'><strong>agitur;</strong></span> <span class='ocrx_word' id='word_1_7' title='bbox 1235 1214 1275 1293; x_wconf 91' lang='lat' dir='ltr'><strong>in</strong></span> <span class='ocrx_word' id='word_1_8' title='bbox 1295 1241 1372 1322; x_wconf 89' lang='lat' dir='ltr'><strong>qua</strong></span> <span class='ocrx_word' id='word_1_9' title='bbox 1392 1230 1521 1324; x_wconf 79' lang='lat' dir='ltr'><strong>tamen</strong></span> <span class='ocrx_word' id='word_1_10' title='bbox 1540 1217 1695 1300; x_wconf 87' lang='lat' dir='ltr'><strong>materie</strong></span> <span class='ocrx_word' id='word_1_11' title='bbox 1717 1236 1817 1296; x_wconf 87' lang='lat' dir='ltr'><strong>trac·</strong></span> <span class='ocrx_word' id='word_1_12' title='bbox 1853 1265 1865 1304; x_wconf 83' lang='lat' dir='ltr'>s</span> <span class='ocrx_word' id='word_1_13' title='bbox 1871 1263 1993 1305; x_wconf 64' lang='lat' dir='ltr'><strong>acaro-</strong></span> 
     </span>
     <span class='ocr_line' id='line_1_3' title="bbox 478 1344 1996 1468; baseline 0.005 -36"><span class='ocrx_word' id='word_1_14' title='bbox 478 1354 605 1448; x_wconf 90' lang='lat' dir='ltr'><strong>tanda,</strong></span> <span class='ocrx_word' id='word_1_15' title='bbox 644 1354 758 1461; x_wconf 85' lang='lat' dir='ltr'><strong>longe</strong></span> <span class='ocrx_word' id='word_1_16' title='bbox 787 1381 878 1433; x_wconf 91' lang='lat' dir='ltr'><strong>eum</strong></span> <span class='ocrx_word' id='word_1_17' title='bbox 911 1351 1150 1468; x_wconf 84' lang='lat' dir='ltr'>exsuperant,</span> <span class='ocrx_word' id='word_1_18' title='bbox 1191 1354 1261 1460; x_wconf 90' lang='lat' dir='ltr'><strong>qui</strong></span> <span class='ocrx_word' id='word_1_19' title='bbox 1298 1355 1397 1435; x_wconf 91' lang='lat' dir='ltr'><strong>inter</strong></span> <span class='ocrx_word' id='word_1_20' title='bbox 1437 1358 1662 1441; x_wconf 87' lang='lat' dir='ltr'><strong>recentiores</strong></span> <span class='ocrx_word' id='word_1_21' title='bbox 1700 1360 1740 1437; x_wconf 93' lang='lat' dir='ltr'><strong>in</strong></span> <span class='ocrx_word' id='word_1_22' title='bbox 1777 1387 1819 1445; x_wconf 85' lang='lat' dir='ltr'><strong>ea</strong></span> <span class='ocrx_word' id='word_1_23' title='bbox 1844 1344 1996 1467; x_wconf 28' lang='lat' dir='ltr'><strong>„ffi-</strong></span> 
     </span>
     <span class='ocr_line' id='line_1_4' title="bbox 477 1491 730 1574; baseline 0.016 -4"><span class='ocrx_word' id='word_1_24' title='bbox 477 1491 612 1572; x_wconf 90' lang='lat' dir='ltr'><strong>versati</strong></span> <span class='ocrx_word' id='word_1_25' title='bbox 630 1493 730 1574; x_wconf 89' lang='lat' dir='ltr'><strong>sunt.</strong></span> 
     </span>
     <span class='ocr_line' id='line_1_5' title="bbox 538 1629 1819 1741; baseline 0.005 -30"><span class='ocrx_word' id='word_1_26' title='bbox 538 1636 642 1713; x_wconf 89' lang='lat' dir='ltr'><strong>Ante</strong></span> <span class='ocrx_word' id='word_1_27' title='bbox 674 1636 780 1727; x_wconf 89' lang='lat' dir='ltr'><strong>alios,</strong></span> <span class='ocrx_word' id='word_1_28' title='bbox 824 1634 950 1741; x_wconf 87' lang='lat' dir='ltr'><strong>quoad</strong></span> <span class='ocrx_word' id='word_1_29' title='bbox 987 1629 1104 1737; x_wconf 89' lang='lat' dir='ltr'><strong>hujus</strong></span> <span class='ocrx_word' id='word_1_30' title='bbox 1147 1631 1326 1714; x_wconf 68' lang='lat' dir='ltr'><strong>doctrinae</strong></span> <span class='ocrx_word' id='word_1_31' title='bbox 1358 1633 1666 1741; x_wconf 86' lang='lat' dir='ltr'><strong>explicationem,</strong></span> <span class='ocrx_word' id='word_1_32' title='bbox 1706 1636 1819 1718; x_wconf 79' lang='lat' dir='ltr'><strong>Illus-</strong></span> 
     </span>
     <span class='ocr_line' id='line_1_6' title="bbox 477 1766 1819 1881; baseline 0.008 -34"><span class='ocrx_word' id='word_1_33' title='bbox 477 1770 657 1853; x_wconf 85' lang='lat' dir='ltr'><strong>triffimus</strong></span> <span class='ocrx_word' id='word_1_34' title='bbox 689 1773 867 1853; x_wconf 82' lang='lat' dir='ltr'><strong>Marchio</strong></span> <span class='ocrx_word' id='word_1_35' title='bbox 896 1771 940 1852; x_wconf 86' lang='lat' dir='ltr'><strong>de</strong></span> <span class='ocrx_word' id='word_1_36' title='bbox 971 1771 1186 1881; x_wconf 81' lang='lat' dir='ltr'><strong>l’Hospital</strong></span> <span class='ocrx_word' id='word_1_37' title='bbox 1209 1773 1260 1852; x_wconf 92' lang='lat' dir='ltr'><strong>ob</strong></span> <span class='ocrx_word' id='word_1_38' title='bbox 1297 1772 1570 1855; x_wconf 89' lang='lat' dir='ltr'><strong>definitionum</strong></span> <span class='ocrx_word' id='word_1_39' title='bbox 1607 1766 1819 1861; x_wconf 86' lang='lat' dir='ltr'><strong>accuratio-</strong></span> 
     </span>
     <span class='ocr_line' id='line_1_7' title="bbox 476 1910 1819 2026; baseline 0.007 -38"><span class='ocrx_word' id='word_1_40' title='bbox 476 1937 566 1990; x_wconf 88' lang='lat' dir='ltr'><strong>nem</strong></span> <span class='ocrx_word' id='word_1_41' title='bbox 581 1933 620 1990; x_wconf 92' lang='lat' dir='ltr'><strong>et</strong></span> <span class='ocrx_word' id='word_1_42' title='bbox 638 1910 1005 1994; x_wconf 90' lang='lat' dir='ltr'><strong>demonstrationum</strong></span> <span class='ocrx_word' id='word_1_43' title='bbox 1020 1911 1162 2018; x_wconf 83' lang='lat' dir='ltr'><strong>quibus</strong></span> <span class='ocrx_word' id='word_1_44' title='bbox 1175 1914 1297 1991; x_wconf 91' lang='lat' dir='ltr'><strong>utitur</strong></span> <span class='ocrx_word' id='word_1_45' title='bbox 1311 1914 1550 2021; x_wconf 82' lang='lat' dir='ltr'><strong>elegantiam,</strong></span> <span class='ocrx_word' id='word_1_46' title='bbox 1563 1917 1819 2026; x_wconf 85' lang='lat' dir='ltr'><strong>praestantifli-</strong></span> 
     </span>
     <span class='ocr_line' id='line_1_8' title="bbox 475 2049 1820 2166; baseline 0.013 -38"><span class='ocrx_word' id='word_1_47' title='bbox 475 2078 563 2129; x_wconf 85' lang='lat' dir='ltr'><strong>mus</strong></span> <span class='ocrx_word' id='word_1_48' title='bbox 578 2049 652 2130; x_wconf 82' lang='lat' dir='ltr'><strong>effe</strong></span> <span class='ocrx_word' id='word_1_49' title='bbox 667 2051 887 2133; x_wconf 86' lang='lat' dir='ltr'><strong>statuendus</strong></span> <span class='ocrx_word' id='word_1_50' title='bbox 905 2051 975 2130; x_wconf 89' lang='lat' dir='ltr'><strong>est.</strong></span> <span class='ocrx_word' id='word_1_51' title='bbox 1010 2052 1131 2130; x_wconf 90' lang='lat' dir='ltr'><strong>Prout</strong></span> <span class='ocrx_word' id='word_1_52' title='bbox 1144 2055 1249 2135; x_wconf 91' lang='lat' dir='ltr'><strong>enim</strong></span> <span class='ocrx_word' id='word_1_53' title='bbox 1268 2054 1317 2133; x_wconf 91' lang='lat' dir='ltr'><strong>ab</strong></span> <span class='ocrx_word' id='word_1_54' title='bbox 1331 2056 1486 2138; x_wconf 82' lang='lat' dir='ltr'><strong>Euclide</strong></span> <span class='ocrx_word' id='word_1_55' title='bbox 1500 2055 1647 2139; x_wconf 68' lang='lat' dir='ltr'><strong>factum</strong></span> <span class='ocrx_word' id='word_1_56' title='bbox 1663 2060 1730 2150; x_wconf 85' lang='lat' dir='ltr'><strong>est,</strong></span> <span class='ocrx_word' id='word_1_57' title='bbox 1751 2061 1820 2166; x_wconf 84' lang='lat' dir='ltr'><strong>qui</strong></span> 
     </span>
     <span class='ocr_line' id='line_1_9' title="bbox 475 2188 1821 2298; baseline 0.007 -32"><span class='ocrx_word' id='word_1_58' title='bbox 475 2214 523 2268; x_wconf 86' lang='lat' dir='ltr'><strong>ex</strong></span> <span class='ocrx_word' id='word_1_59' title='bbox 538 2189 597 2280; x_wconf 80' lang='lat' dir='ltr'><strong>iis,</strong></span> <span class='ocrx_word' id='word_1_60' title='bbox 610 2217 695 2297; x_wconf 89' lang='lat' dir='ltr'><strong>quae</strong></span> <span class='ocrx_word' id='word_1_61' title='bbox 710 2190 748 2268; x_wconf 93' lang='lat' dir='ltr'><strong>in</strong></span> <span class='ocrx_word' id='word_1_62' title='bbox 763 2191 867 2271; x_wconf 88' lang='lat' dir='ltr'><strong>sexto</strong></span> <span class='ocrx_word' id='word_1_63' title='bbox 880 2190 946 2269; x_wconf 91' lang='lat' dir='ltr'><strong>suo</strong></span> <span class='ocrx_word' id='word_1_64' title='bbox 956 2188 1057 2269; x_wconf 89' lang='lat' dir='ltr'><strong>libro</strong></span> <span class='ocrx_word' id='word_1_65' title='bbox 1069 2188 1115 2268; x_wconf 90' lang='lat' dir='ltr'><strong>de</strong></span> <span class='ocrx_word' id='word_1_66' title='bbox 1130 2190 1338 2298; x_wconf 84' lang='lat' dir='ltr'><strong>figurarum</strong></span> <span class='ocrx_word' id='word_1_67' title='bbox 1350 2196 1627 2276; x_wconf 77' lang='lat' dir='ltr'><strong>rectilinearum</strong></span> <span class='ocrx_word' id='word_1_68' title='bbox 1640 2197 1821 2288; x_wconf 81' lang='lat' dir='ltr'><strong>fimilium</strong></span> 
     </span>
     <span class='ocr_line' id='line_1_10' title="bbox 483 2327 1818 2443; baseline 0.007 -36"><span class='ocrx_word' id='word_1_69' title='bbox 483 2330 692 2409; x_wconf 84' lang='lat' dir='ltr'><strong>rationibus</strong></span> <span class='ocrx_word' id='word_1_70' title='bbox 712 2330 969 2410; x_wconf 89' lang='lat' dir='ltr'><strong>demonstrata</strong></span> <span class='ocrx_word' id='word_1_71' title='bbox 984 2327 1085 2423; x_wconf 84' lang='lat' dir='ltr'><strong>sunt,</strong></span> <span class='ocrx_word' id='word_1_72' title='bbox 1099 2330 1148 2409; x_wconf 89' lang='lat' dir='ltr'><strong>ad</strong></span> <span class='ocrx_word' id='word_1_73' title='bbox 1167 2332 1400 2415; x_wconf 91' lang='lat' dir='ltr'><strong>circulorum</strong></span> <span class='ocrx_word' id='word_1_74' title='bbox 1420 2337 1708 2416; x_wconf 89' lang='lat' dir='ltr'><strong>fimilitudinem</strong></span> <span class='ocrx_word' id='word_1_75' title='bbox 1727 2363 1818 2443; x_wconf 93' lang='lat' dir='ltr'><strong>pro·</strong></span> 
     </span>
     <span class='ocr_line' id='line_1_11' title="bbox 475 2466 1819 2578; baseline 0.004 -31"><span class='ocrx_word' id='word_1_76' title='bbox 475 2469 662 2577; x_wconf 87' lang='lat' dir='ltr'><strong>greditur,</strong></span> <span class='ocrx_word' id='word_1_77' title='bbox 688 2470 870 2549; x_wconf 88' lang='lat' dir='ltr'><strong>fimilium</strong></span> <span class='ocrx_word' id='word_1_78' title='bbox 894 2496 980 2577; x_wconf 80' lang='lat' dir='ltr'><strong>quae</strong></span> <span class='ocrx_word' id='word_1_79' title='bbox 999 2466 1256 2549; x_wconf 89' lang='lat' dir='ltr'><strong>inscribuntur</strong></span> <span class='ocrx_word' id='word_1_80' title='bbox 1276 2471 1558 2578; x_wconf 86' lang='lat' dir='ltr'><strong>polygonorum</strong></span> <span class='ocrx_word' id='word_1_81' title='bbox 1581 2473 1741 2565; x_wconf 77' lang='lat' dir='ltr'><strong>auxili03</strong></span> <span class='ocrx_word' id='word_1_82' title='bbox 1771 2501 1819 2552; x_wconf 83' lang='lat' dir='ltr'><strong>ex</strong></span> 
     </span>
     <span class='ocr_line' id='line_1_12' title="bbox 475 2604 1819 2716; baseline 0.002 -30"><span class='ocrx_word' id='word_1_83' title='bbox 475 2607 607 2688; x_wconf 88' lang='lat' dir='ltr'><strong>iisdem</strong></span> <span class='ocrx_word' id='word_1_84' title='bbox 637 2626 677 2687; x_wconf 89' lang='lat' dir='ltr'><strong>et</strong></span> <span class='ocrx_word' id='word_1_85' title='bbox 702 2607 879 2715; x_wconf 89' lang='lat' dir='ltr'><strong>ipfiffima</strong></span> <span class='ocrx_word' id='word_1_86' title='bbox 906 2632 1061 2714; x_wconf 91' lang='lat' dir='ltr'><strong>quoque</strong></span> <span class='ocrx_word' id='word_1_87' title='bbox 1091 2604 1164 2684; x_wconf 92' lang='lat' dir='ltr'><strong>hac</strong></span> <span class='ocrx_word' id='word_1_88' title='bbox 1199 2606 1398 2699; x_wconf 90' lang='lat' dir='ltr'><strong>method0,</strong></span> <span class='ocrx_word' id='word_1_89' title='bbox 1430 2607 1494 2685; x_wconf 89' lang='lat' dir='ltr'><strong>Cl.</strong></span> <span class='ocrx_word' id='word_1_90' title='bbox 1517 2609 1579 2686; x_wconf 87' lang='lat' dir='ltr'><strong>De</strong></span> <span class='ocrx_word' id='word_1_91' title='bbox 1610 2608 1819 2716; x_wconf 86' lang='lat' dir='ltr'><strong>l’Hospital</strong></span> 
     </span>
     <span class='ocr_line' id='line_1_13' title="bbox 477 2744 1820 2859; baseline 0.002 -34"><span class='ocrx_word' id='word_1_92' title='bbox 477 2746 698 2826; x_wconf 65' lang='lat' dir='ltr'><strong>Sedionum</strong></span> <span class='ocrx_word' id='word_1_93' title='bbox 717 2746 900 2830; x_wconf 76' lang='lat' dir='ltr'><strong>similium</strong></span> <span class='ocrx_word' id='word_1_94' title='bbox 918 2745 1079 2824; x_wconf 88' lang='lat' dir='ltr'><strong>rationes</strong></span> <span class='ocrx_word' id='word_1_95' title='bbox 1100 2745 1197 2823; x_wconf 89' lang='lat' dir='ltr'><strong>inter</strong></span> <span class='ocrx_word' id='word_1_96' title='bbox 1210 2744 1246 2823; x_wconf 90' lang='lat' dir='ltr'><strong>se</strong></span> <span class='ocrx_word' id='word_1_97' title='bbox 1265 2746 1450 2854; x_wconf 73' lang='lat' dir='ltr'><strong>expositas</strong></span> <span class='ocrx_word' id='word_1_98' title='bbox 1468 2747 1585 2827; x_wconf 90' lang='lat' dir='ltr'><strong>dedit.</strong></span> <span class='ocrx_word' id='word_1_99' title='bbox 1629 2751 1763 2859; x_wconf 81' lang='lat' dir='ltr'><strong>Qem</strong></span> <span class='ocrx_word' id='word_1_100' title='bbox 1782 2768 1820 2859; x_wconf 82' lang='lat' dir='ltr'><strong>et</strong></span> 
     </span>
     <span class='ocr_line' id='line_1_14' title="bbox 476 2882 1819 2996; baseline 0 -30"><span class='ocrx_word' id='word_1_101' title='bbox 476 2914 545 2968; x_wconf 81' lang='lat' dir='ltr'><strong>nos</strong></span> <span class='ocrx_word' id='word_1_102' title='bbox 564 2890 703 2996; x_wconf 90' lang='lat' dir='ltr'><strong>pariter</strong></span> <span class='ocrx_word' id='word_1_103' title='bbox 721 2886 800 2966; x_wconf 89' lang='lat' dir='ltr'><strong>fere</strong></span> <span class='ocrx_word' id='word_1_104' title='bbox 815 2891 854 2965; x_wconf 93' lang='lat' dir='ltr'><strong>in</strong></span> <span class='ocrx_word' id='word_1_105' title='bbox 866 2884 1045 2965; x_wconf 83' lang='lat' dir='ltr'><strong>omnibus</strong></span> <span class='ocrx_word' id='word_1_106' title='bbox 1059 2883 1199 2962; x_wconf 87' lang='lat' dir='ltr'><strong>imitati</strong></span> <span class='ocrx_word' id='word_1_107' title='bbox 1213 2882 1358 2977; x_wconf 89' lang='lat' dir='ltr'><strong>sumus,</strong></span> <span class='ocrx_word' id='word_1_108' title='bbox 1374 2886 1547 2995; x_wconf 90' lang='lat' dir='ltr'><strong>pauculis</strong></span> <span class='ocrx_word' id='word_1_109' title='bbox 1567 2887 1751 2977; x_wconf 84' lang='lat' dir='ltr'><strong>duntaxat</strong></span> <span class='ocrx_word' id='word_1_110' title='bbox 1771 2888 1819 2972; x_wconf 92' lang='lat' dir='ltr'><strong>ab</strong></span> 
     </span>
     <span class='ocr_line' id='line_1_15' title="bbox 343 3011 1819 3133; baseline -0.001 -28"><span class='ocrx_word' id='word_1_111' title='bbox 343 3011 345 3014; x_wconf 28' lang='lat'>⁵</span> <span class='ocrx_word' id='word_1_112' title='bbox 444 3047 453 3071; x_wconf 69' lang='lat'>⁸</span> <span class='ocrx_word' id='word_1_113' title='bbox 476 3055 522 3107; x_wconf 91' lang='lat' dir='ltr'><strong>eo</strong></span> <span class='ocrx_word' id='word_1_114' title='bbox 535 3027 677 3107; x_wconf 86' lang='lat' dir='ltr'><strong>diverse</strong></span> <span class='ocrx_word' id='word_1_115' title='bbox 691 3027 851 3119; x_wconf 73' lang='lat' dir='ltr'><strong>traditio,</strong></span> <span class='ocrx_word' id='word_1_116' title='bbox 864 3044 979 3133; x_wconf 91' lang='lat' dir='ltr'><strong>atque</strong></span> <span class='ocrx_word' id='word_1_117' title='bbox 994 3026 1050 3104; x_wconf 92' lang='lat' dir='ltr'><strong>ibi</strong></span> <span class='ocrx_word' id='word_1_118' title='bbox 1063 3022 1346 3115; x_wconf 88' lang='lat' dir='ltr'><strong>tantummodo,</strong></span> <span class='ocrx_word' id='word_1_119' title='bbox 1365 3023 1433 3102; x_wconf 91' lang='lat' dir='ltr'><strong>ubi</strong></span> <span class='ocrx_word' id='word_1_120' title='bbox 1448 3022 1655 3115; x_wconf 88' lang='lat' dir='ltr'><strong>istiusmodi</strong></span> <span class='ocrx_word' id='word_1_121' title='bbox 1671 3026 1819 3117; x_wconf 86' lang='lat' dir='ltr'><strong>immu-</strong></span> 
     </span>
     <span class='ocr_line' id='line_1_16' title="bbox 477 3160 1820 3271; baseline -0.001 -26"><span class='ocrx_word' id='word_1_122' title='bbox 477 3166 669 3258; x_wconf 83' lang='lat' dir='ltr'><strong>tationem</strong></span> <span class='ocrx_word' id='word_1_123' title='bbox 681 3165 878 3258; x_wconf 89' lang='lat' dir='ltr'><strong>commodi</strong></span> <span class='ocrx_word' id='word_1_124' title='bbox 896 3163 1041 3271; x_wconf 90' lang='lat' dir='ltr'><strong>aliquid</strong></span> <span class='ocrx_word' id='word_1_125' title='bbox 1061 3160 1258 3241; x_wconf 89' lang='lat' dir='ltr'><strong>manifeste</strong></span> <span class='ocrx_word' id='word_1_126' title='bbox 1277 3164 1318 3241; x_wconf 93' lang='lat' dir='ltr'><strong>in</strong></span> <span class='ocrx_word' id='word_1_127' title='bbox 1338 3161 1374 3240; x_wconf 91' lang='lat' dir='ltr'><strong>se</strong></span> <span class='ocrx_word' id='word_1_128' title='bbox 1392 3160 1531 3240; x_wconf 88' lang='lat' dir='ltr'><strong>habere</strong></span> <span class='ocrx_word' id='word_1_129' title='bbox 1545 3163 1820 3268; x_wconf 69' lang='lat' dir='ltr'><strong>judicavimus,</strong></span> 
     </span>
     <span class='ocr_line' id='line_1_17' title="bbox 539 3298 1991 3405; baseline -0.006 -16"><span class='ocrx_word' id='word_1_130' title='bbox 539 3298 778 3389; x_wconf 48' lang='lat' dir='ltr'><strong>P&#39;noxmrus</strong></span> <span class='ocrx_word' id='word_1_131' title='bbox 803 3331 886 3385; x_wconf 81' lang='lat' dir='ltr'><strong>nsT</strong></span> <span class='ocrx_word' id='word_1_132' title='bbox 912 3330 969 3382; x_wconf 81' lang='lat' dir='ltr'><strong>nu</strong></span> <span class='ocrx_word' id='word_1_133' title='bbox 992 3300 1197 3384; x_wconf 71' lang='lat' dir='ltr'><strong>Seelionum</strong></span> <span class='ocrx_word' id='word_1_134' title='bbox 1213 3298 1465 3405; x_wconf 68' lang='lat' dir='ltr'><strong>Qadratura</strong></span> <span class='ocrx_word' id='word_1_135' title='bbox 1479 3299 1600 3391; x_wconf 89' lang='lat' dir='ltr'><strong>locus,</strong></span> <span class='ocrx_word' id='word_1_136' title='bbox 1622 3320 1666 3381; x_wconf 94' lang='lat' dir='ltr'><strong>ut</strong></span> <span class='ocrx_word' id='word_1_137' title='bbox 1680 3328 1727 3382; x_wconf 87' lang='lat' dir='ltr'><strong>ex</strong></span> <span class='ocrx_word' id='word_1_138' title='bbox 1747 3298 1821 3381; x_wconf 89' lang='lat' dir='ltr'><strong>hac</strong></span> <span class='ocrx_word' id='word_1_139' title='bbox 1853 3357 1991 3398; x_wconf 69' lang='lat' dir='ltr'><strong>steno.</strong></span> 
     </span>
     <span class='ocr_line' id='line_1_18' title="bbox 478 3440 1976 3577; baseline -0.001 -54"><span class='ocrx_word' id='word_1_140' title='bbox 478 3462 586 3554; x_wconf 88' lang='lat' dir='ltr'><strong>parte</strong></span> <span class='ocrx_word' id='word_1_141' title='bbox 605 3445 822 3525; x_wconf 87' lang='lat' dir='ltr'><strong>ostendatur</strong></span> <span class='ocrx_word' id='word_1_142' title='bbox 848 3446 979 3535; x_wconf 88' lang='lat' dir='ltr'><strong>etiam,</strong></span> <span class='ocrx_word' id='word_1_143' title='bbox 1010 3443 1162 3551; x_wconf 89' lang='lat' dir='ltr'><strong>quidet</strong></span> <span class='ocrx_word' id='word_1_144' title='bbox 1188 3442 1283 3522; x_wconf 90' lang='lat' dir='ltr'><strong>olim</strong></span> <span class='ocrx_word' id='word_1_145' title='bbox 1309 3440 1356 3520; x_wconf 87' lang='lat' dir='ltr'><strong>de</strong></span> <span class='ocrx_word' id='word_1_146' title='bbox 1386 3466 1430 3518; x_wconf 87' lang='lat' dir='ltr'><strong>ea</strong></span> <span class='ocrx_word' id='word_1_147' title='bbox 1455 3441 1496 3519; x_wconf 92' lang='lat' dir='ltr'><strong>in</strong></span> <span class='ocrx_word' id='word_1_148' title='bbox 1515 3458 1690 3521; x_wconf 87' lang='lat' dir='ltr'><strong>veterum</strong></span> <span class='ocrx_word' id='word_1_149' title='bbox 1709 3467 1820 3521; x_wconf 90' lang='lat' dir='ltr'><strong>com·</strong></span> <span class='ocrx_word' id='word_1_150' title='bbox 1882 3440 1976 3577; x_wconf 49' lang='grc' dir='ltr'><em>Ἢ</em></span> 
     </span>
     <span class='ocr_line' id='line_1_19' title="bbox 475 3582 1994 3718; baseline -0.003 -52"><span class='ocrx_word' id='word_1_151' title='bbox 475 3587 669 3667; x_wconf 81' lang='lat' dir='ltr'><strong>montariis</strong></span> <span class='ocrx_word' id='word_1_152' title='bbox 700 3588 866 3697; x_wconf 84' lang='lat' dir='ltr'><strong>posrturn</strong></span> <span class='ocrx_word' id='word_1_153' title='bbox 893 3585 962 3677; x_wconf 87' lang='lat' dir='ltr'><strong>est,</strong></span> <span class='ocrx_word' id='word_1_154' title='bbox 992 3601 1143 3664; x_wconf 87' lang='lat' dir='ltr'><strong>tumet</strong></span> <span class='ocrx_word' id='word_1_155' title='bbox 1172 3582 1315 3689; x_wconf 89' lang='lat' dir='ltr'><strong>quibus</strong></span> <span class='ocrx_word' id='word_1_156' title='bbox 1345 3582 1537 3696; x_wconf 84' lang='lat' dir='ltr'><strong>praecipue</strong></span> <span class='ocrx_word' id='word_1_157' title='bbox 1563 3582 1819 3687; x_wconf 75' lang='lat' dir='ltr'><strong>incrementis,</strong></span> <span class='ocrx_word' id='word_1_158' title='bbox 1853 3600 1994 3718; x_wconf 44' lang='lat' dir='ltr'><strong>qu-</strong></span> 
     </span>
     <span class='ocr_line' id='line_1_20' title="bbox 476 3698 1957 3833; baseline -0.003 -31"><span class='ocrx_word' id='word_1_159' title='bbox 476 3749 563 3830; x_wconf 85' lang='lat' dir='ltr'><strong>quae</strong></span> <span class='ocrx_word' id='word_1_160' title='bbox 580 3752 666 3804; x_wconf 90' lang='lat' dir='ltr'><strong>eam</strong></span> <span class='ocrx_word' id='word_1_161' title='bbox 685 3724 800 3805; x_wconf 89' lang='lat' dir='ltr'><strong>docet</strong></span> <span class='ocrx_word' id='word_1_162' title='bbox 820 3724 1042 3833; x_wconf 83' lang='lat' dir='ltr'><strong>praeceptio,</strong></span> <span class='ocrx_word' id='word_1_163' title='bbox 1064 3721 1166 3828; x_wconf 92' lang='lat' dir='ltr'><strong>apud</strong></span> <span class='ocrx_word' id='word_1_164' title='bbox 1187 3720 1411 3799; x_wconf 87' lang='lat' dir='ltr'><strong>recentiores</strong></span> <span class='ocrx_word' id='word_1_165' title='bbox 1431 3717 1589 3799; x_wconf 72' lang='lat' dir='ltr'><strong>adaucta</strong></span> <span class='ocrx_word' id='word_1_166' title='bbox 1606 3718 1674 3813; x_wconf 85' lang='lat' dir='ltr'><strong>est,</strong></span> <span class='ocrx_word' id='word_1_167' title='bbox 1947 3698 1957 3717; x_wconf 64' lang='grc'><strong><em>’</em></strong></span> 
     </span>
     <span class='ocr_line' id='line_1_21' title="bbox 532 3857 1819 3970; baseline -0.006 -28"><span class='ocrx_word' id='word_1_168' title='bbox 532 3860 736 3944; x_wconf 75' lang='lat' dir='ltr'><strong>Parabolae</strong></span> <span class='ocrx_word' id='word_1_169' title='bbox 755 3863 982 3970; x_wconf 90' lang='lat' dir='ltr'><strong>quadratura</strong></span> <span class='ocrx_word' id='word_1_170' title='bbox 1003 3863 1133 3968; x_wconf 86' lang='lat' dir='ltr'><strong>igitur,</strong></span> <span class='ocrx_word' id='word_1_171' title='bbox 1165 3877 1209 3938; x_wconf 96' lang='lat' dir='ltr'><strong>ut</strong></span> <span class='ocrx_word' id='word_1_172' title='bbox 1230 3859 1339 3967; x_wconf 89' lang='lat' dir='ltr'><strong>supra</strong></span> <span class='ocrx_word' id='word_1_173' title='bbox 1359 3857 1524 3936; x_wconf 86' lang='lat' dir='ltr'><strong>diximus</strong></span> <span class='ocrx_word' id='word_1_174' title='bbox 1533 3859 1573 3951; x_wconf 76' lang='lat'><strong>*,</strong></span> <span class='ocrx_word' id='word_1_175' title='bbox 1601 3859 1651 3950; x_wconf 85' lang='lat' dir='ltr'><strong>ab</strong></span> <span class='ocrx_word' id='word_1_176' title='bbox 1671 3861 1819 3955; x_wconf 71' lang='lat' dir='ltr'><strong>Archi.</strong></span> 
     </span>
     <span class='ocr_line' id='line_1_22' title="bbox 476 3997 1822 4110; baseline -0.002 -27"><span class='ocrx_word' id='word_1_177' title='bbox 476 3999 574 4083; x_wconf 85' lang='lat' dir='ltr'><strong>mede</strong></span> <span class='ocrx_word' id='word_1_178' title='bbox 593 4002 673 4110; x_wconf 90' lang='lat' dir='ltr'><strong>ipso</strong></span> <span class='ocrx_word' id='word_1_179' title='bbox 692 4000 866 4081; x_wconf 74' lang='lat' dir='ltr'><strong>confecta</strong></span> <span class='ocrx_word' id='word_1_180' title='bbox 887 4003 955 4082; x_wconf 90' lang='lat' dir='ltr'><strong>est.</strong></span> <span class='ocrx_word' id='word_1_181' title='bbox 1000 4002 1147 4081; x_wconf 88' lang='lat' dir='ltr'><strong>Eadem</strong></span> <span class='ocrx_word' id='word_1_182' title='bbox 1167 4017 1205 4078; x_wconf 94' lang='lat' dir='ltr'><strong>et</strong></span> <span class='ocrx_word' id='word_1_183' title='bbox 1230 4025 1252 4077; x_wconf 89' lang='lat' dir='ltr'><strong>a</strong></span> <span class='ocrx_word' id='word_1_184' title='bbox 1270 3997 1403 4085; x_wconf 85' lang='lat' dir='ltr'><strong>multis</strong></span> <span class='ocrx_word' id='word_1_185' title='bbox 1423 3997 1503 4084; x_wconf 87' lang='lat' dir='ltr'><strong>aliis</strong></span> <span class='ocrx_word' id='word_1_186' title='bbox 1524 4000 1718 4108; x_wconf 90' lang='lat' dir='ltr'><strong>quomodo</strong></span> <span class='ocrx_word' id='word_1_187' title='bbox 1739 3999 1822 4092; x_wconf 90' lang='lat' dir='ltr'><strong>fieri</strong></span> 
     </span>
     <span class='ocr_line' id='line_1_23' title="bbox 477 4135 1822 4249; baseline 0.001 -31"><span class='ocrx_word' id='word_1_188' title='bbox 477 4139 606 4249; x_wconf 75' lang='lat' dir='ltr'><strong>poliat,</strong></span> <span class='ocrx_word' id='word_1_189' title='bbox 636 4141 827 4220; x_wconf 89' lang='lat' dir='ltr'><strong>ostensum</strong></span> <span class='ocrx_word' id='word_1_190' title='bbox 847 4141 916 4231; x_wconf 90' lang='lat' dir='ltr'><strong>est,</strong></span> <span class='ocrx_word' id='word_1_191' title='bbox 947 4141 1015 4248; x_wconf 91' lang='lat' dir='ltr'><strong>qui</strong></span> <span class='ocrx_word' id='word_1_192' title='bbox 1041 4156 1167 4218; x_wconf 87' lang='lat' dir='ltr'><strong>tamen</strong></span> <span class='ocrx_word' id='word_1_193' title='bbox 1187 4137 1340 4218; x_wconf 80' lang='lat' dir='ltr'><strong>diverfis</strong></span> <span class='ocrx_word' id='word_1_194' title='bbox 1359 4153 1397 4215; x_wconf 91' lang='lat' dir='ltr'><strong>et</strong></span> <span class='ocrx_word' id='word_1_195' title='bbox 1417 4136 1464 4215; x_wconf 91' lang='lat' dir='ltr'><strong>ab</strong></span> <span class='ocrx_word' id='word_1_196' title='bbox 1486 4135 1720 4226; x_wconf 85' lang='lat' dir='ltr'><strong>Archimede</strong></span> <span class='ocrx_word' id='word_1_197' title='bbox 1741 4158 1781 4220; x_wconf 90' lang='lat' dir='ltr'><strong>et</strong></span> <span class='ocrx_word' id='word_1_198' title='bbox 1800 4169 1822 4220; x_wconf 88' lang='lat' dir='ltr'><strong>a</strong></span> 
     </span>
     <span class='ocr_line' id='line_1_24' title="bbox 477 4273 1821 4384; baseline -0.001 -27"><span class='ocrx_word' id='word_1_199' title='bbox 477 4278 514 4357; x_wconf 87' lang='lat' dir='ltr'><strong>se</strong></span> <span class='ocrx_word' id='word_1_200' title='bbox 543 4280 709 4360; x_wconf 90' lang='lat' dir='ltr'><strong>invicem</strong></span> <span class='ocrx_word' id='word_1_201' title='bbox 732 4280 910 4370; x_wconf 80' lang='lat' dir='ltr'><strong>consiliis,</strong></span> <span class='ocrx_word' id='word_1_202' title='bbox 939 4278 987 4356; x_wconf 89' lang='lat' dir='ltr'><strong>ad</strong></span> <span class='ocrx_word' id='word_1_203' title='bbox 1011 4277 1260 4356; x_wconf 84' lang='lat' dir='ltr'><strong>Problematis</strong></span> <span class='ocrx_word' id='word_1_204' title='bbox 1286 4273 1401 4380; x_wconf 89' lang='lat' dir='ltr'><strong>hujus</strong></span> <span class='ocrx_word' id='word_1_205' title='bbox 1435 4274 1660 4368; x_wconf 80' lang='lat' dir='ltr'><strong>solutionem</strong></span> <span class='ocrx_word' id='word_1_206' title='bbox 1683 4304 1821 4384; x_wconf 82' lang='lat' dir='ltr'><strong>perve-</strong></span> 
     </span>
     <span class='ocr_line' id='line_1_25' title="bbox 477 4411 1823 4526; baseline 0.001 -34"><span class='ocrx_word' id='word_1_207' title='bbox 477 4416 604 4496; x_wconf 85' lang='lat' dir='ltr'><strong>niu&#39;nt.</strong></span> <span class='ocrx_word' id='word_1_208' title='bbox 656 4424 794 4526; x_wconf 80' lang='lat' dir='ltr'><strong>Qaea</strong></span> <span class='ocrx_word' id='word_1_209' title='bbox 818 4418 927 4499; x_wconf 89' lang='lat' dir='ltr'><strong>nobis</strong></span> <span class='ocrx_word' id='word_1_210' title='bbox 954 4415 1125 4496; x_wconf 88' lang='lat' dir='ltr'><strong>adhibita</strong></span> <span class='ocrx_word' id='word_1_211' title='bbox 1147 4415 1202 4494; x_wconf 90' lang='lat' dir='ltr'><strong>est</strong></span> <span class='ocrx_word' id='word_1_212' title='bbox 1221 4411 1441 4515; x_wconf 77' lang='lat' dir='ltr'><strong>methodus,</strong></span> <span class='ocrx_word' id='word_1_213' title='bbox 1474 4413 1621 4518; x_wconf 90' lang='lat' dir='ltr'><strong>primus</strong></span> <span class='ocrx_word' id='word_1_214' title='bbox 1647 4415 1823 4495; x_wconf 91' lang='lat' dir='ltr'><strong>omnium</strong></span> 
     </span>
    </p>
   </div>
   <div class='ocr_carea' id='block_1_3' title="bbox 447 4557 1297 4667">
    <p class='ocr_par' dir='ltr' id='par_1_3' title="bbox 447 4557 1297 4667">
     <span class='ocr_line' id='line_1_26' title="bbox 447 4557 1297 4667; baseline -0.007 -28"><span class='ocrx_word' id='word_1_215' title='bbox 447 4599 457 4616; x_wconf 77' lang='lat'>=</span> <span class='ocrx_word' id='word_1_216' title='bbox 479 4558 710 4664; x_wconf 71' lang='lat' dir='ltr'><strong>excogitavit</strong></span> <span class='ocrx_word' id='word_1_217' title='bbox 727 4561 932 4667; x_wconf 83' lang='lat' dir='ltr'><strong>Gregorius</strong></span> <span class='ocrx_word' id='word_1_218' title='bbox 952 4587 974 4639; x_wconf 87' lang='lat' dir='ltr'><strong>a</strong></span> <span class='ocrx_word' id='word_1_219' title='bbox 995 4562 1060 4639; x_wconf 76' lang='lat'><strong>8²⁰.</strong></span> <span class='ocrx_word' id='word_1_220' title='bbox 1077 4557 1297 4637; x_wconf 79' lang='lat' dir='ltr'><strong>Vincentio</strong></span> 
     </span>
    </p>
   </div>
   <div class='ocr_carea' id='block_1_4' title="bbox 0 0 2596 6597">
    <p class='ocr_par' dir='ltr' id='par_1_4' title="bbox 0 0 2596 6597">
     <span class='ocr_line' id='line_1_27' title="bbox 0 0 2596 6597; baseline 0 0"><span class='ocrx_word' id='word_1_221' title='bbox 0 0 2596 6597; x_wconf 95' lang='lat' dir='ltr'><strong> </strong></span> 
     </span>
    </p>
   </div>
  </div>
 </body>
</html>
