5184 6600
774 971 1931 1100 Νῇἃῇὴωηᾶωπωωίὢῂῦἢ

588 1256 665 1321 ho.
677 1279 728 1342 47·
832 1247 900 1322 ῚΤ
917 1247 953 1321 in
971 1244 1170 1347 asymptoto
1187 1248 1237 1322 CI
1260 1250 1431 1346 punctum
1447 1248 1491 1336 F,
1517 1273 1587 1322 non
1604 1272 1691 1323 vero
1715 1230 1878 1323 centrum
1894 1246 1963 1335 C,
1996 1267 2105 1347 upot-

655 1459 663 1472 ⁶
857 1378 909 1432 tet
926 1385 947 1433 a
963 1360 1141 1458 punctoF
1158 1361 1288 1435 ducere
1310 1363 1398 1436 duas
1422 1362 1532 1437 rectas
1554 1385 1635 1460 quae
1658 1362 1869 1461 contingent
1892 1361 2104 1462 hyperbolas

763 1469 976 1570 ,conjugatas
994 1472 1187 1571 adjacentes
1205 1476 1253 1563 A,
1270 1477 1321 1550 D.

819 1586 987 1663 Bifariam
1012 1588 1147 1663 secetur
1163 1587 1384 1685 segmentum
1401 1590 1464 1665 CF
1473 1591 1666 1688 'inpunCto
1678 1595 1727 1679 R,
1753 1611 1790 1666 et
1799 1616 1864 1690 per
1879 1594 2052 1690 punctum
2068 1596 2104 1666 R

767 1700 920 1774 ducatur
936 1701 1028 1774 resta
1045 1702 1128 1776 AD*
1136 1702 1234 1774 alteri
1257 1700 1455 1800 asymptoto
1475 1707 1568 1783 SCO
1584 1708 1760 1807 parallela.
1803 1710 1980 1782 Occurrat
2010 1708 2108 1784 recta

768 1817 844 1888 AD
863 1815 1062 1912 hyperbolis
1079 1817 1130 1904 A,
1153 1816 1189 1888 D
1208 1815 1244 1888 in
1264 1817 1404 1912 punstis
1422 1821 1472 1908 A,
1490 1821 1555 1904 ῚΙ);
1583 1821 1682 1919 quod
1703 1846 1767 1921 per
1782 1822 1867 1909 Cor.
1885 1842 1921 1914 3.
1939 1819 2020 1894 Def.
2045 1844 2103 1913 14.

769 1928 845 2002 fieri
867 1929 994 2026 potest.
1037 1930 1288 2030 junganturF
1289 1932 1338 2020 A,
1355 1934 1435 2009 FD.
1478 1936 1601 2010 Retrae
1624 1935 1655 2008 F
1657 1937 1706 2023 Α,
1731 1933 1798 2007 FD
1823 1931 2035 2029 hyperbolas
2054 1934 2104 2019 A,

768 2042 807 2115 D
824 2042 1042 2140 contingent.
1271 2081 1273 2085 v

818 2157 1046 2232 Producatur
1063 2157 1132 2231 ΡΑ
1151 2156 1261 2256 usque
1285 2159 1332 2232 ad
1355 2161 1530 2258 punctum
1554 2159 1658 2260 Qin
1683 2158 1883 2258 asymptoto
1907 2160 2013 2233 SCO.
2054 2158 2108 2233 Et

768 2271 940 2373 quoniam
951 2271 1037 2345 -sunt
1054 2274 1207 2370 aequales
1224 2274 1254 2345 F
1255 2275 1305 2360 R,
1322 2274 1404 2361 RC,
1425 2294 1467 2348 *et
1483 2272 1657 2372 parallclae
1672 2272 1758 2359 RA,
1785 2272 1876 2386 CQ
1894 2270 1962 2345 erit
1976 2272 2006 2344 F
2009 2273 2043 2344 R
2060 2274 2106 2345 ad

767 2387 832 2464 FC
851 2386 978 2482 (aa.)
1003 2405 1045 2459 ut
1060 2388 1091 2459 F
1096 2387 1191 2460 Aad
1209 2388 1304 2485 FQ
1331 2406 1366 2459 et
1384 2388 1516 2462 idcirco
1533 2385 1716 2483 segmenta
1732 2387 1813 2474 FA,
1839 2386 2104 2485 AQ-auqualia.

769 2502 1001 2602 Qaproptcr
1025 2500 1120 2573 recta
1145 2500 1426 2598 FQcontingit
1450 2500 1681 2597 hyperbolam
1699 2499 1789 2573 Ain
1810 2499 1949 2598 puncto
1965 2504 2018 2586 A,
2041 2523 2105 2598 per

751 2605 842 2686 cor.
870 2615 1056 2712 Prop..41.
1094 2612 1172 2685 Pari
1193 2613 1331 2686 ratione
1356 2614 1652 2689 demonstrabitur
1674 2616 1807 2689 restam
1829 2615 1898 2687 FD
1925 2614 2106 2711 hyperbo-

763 2726 842 2799 lam
856 2727 895 2799 D
913 2727 950 2800 in
967 2726 1101 2823 punuo
1119 2727 1154 2799 D
1174 2726 1394 2823 contingere.
2264 2801 2266 2804 ,

820 2841 904 2915 Cor.
956 2840 1056 2914 Hinc
1083 2858 1184 2938 patet
1200 2839 1300 2938 quod
1322 2841 1427 2913 recta:
1442 2837 1685 2936 contingentes
1695 2837 1912 2937 'hyperbolas
1930 2834 2104 2936 coujuga-

758 2973 820 3027 ω
846 2950 1043 3052 adjacentes
1061 2953 1103 3027 -in
1125 2953 1320 3027 verticibus
1345 2952 1599 3026 ‹fiametrurum
1616 2947 1901 3048 conjugatarum,
1926 2949 1990 3023 fibi
2013 2949 2105 3022 iuvi·

767 3091 848 3143 cem
874 3084 1064 3143 occurrent
1091 3067 1136 3142 ad
1157 3066 1381 3165 asymptoton
1409 3066 1500 3141 inter
1529 3063 1752 3162 hyperbolas.
1800 3064 1976 3138 Diametri
2006 3064 2105 3137 enim
2132 3075 2133 3079 ’
2221 3132 2223 3136 ,

767 3184 851 3271 CA,
870 3181 952 3271 CD,
977 3179 1179 3280 conjugata·
1196 3182 1289 3269 sunt,
1316 3204 1380 3280 per
1401 3203 1474 3254 cor.
1492 3202 1527 3274 3.
1570 3180 1674 3277 Prop.
1697 3201 1760 3273 43,
1784 3196 1823 3251 et
1842 3179 1947 3275 Prop.
1968 3199 2037 3275 503
2066 3194 2105 3249 et

769 3296 1017 3394 contingentes
1032 3299 1111 3388 AF,
1123 3299 1189 3374 DF
1205 3296 1269 3372 fibi
1280 3296 1441 3372 vinvicem
1451 3311 1645 3370 occurrunt
1655 3292 1697 3366 ¹in
1712 3293 1847 3391 puncto
1863 3291 1895 3368 F
1913 3290 1950 3366 in
1966 3289 2105 3391 asymp·

768 3397 845 3485 toto
862 3409 925 3484 CF
941 3409 1066 3509 pofitu.

1221 3633 1644 3744 ruor.ru

582 3815 666 3883 fre·
686 3820 738 3900 4⁸·
769 3818 809 3904 Si
820 3818 915 3902 duae
931 3821 1047 3901 rectae
1065 3818 1259 3931 parallelae
1279 3820 1313 3900 F
1316 3819 1371 3913 G,
1392 3819 1481 3899 LM
1501 3817 1631 3898 secent
1647 3814 1910 3926 hyperbolam
1931 3817 1973 3898 in
1992 3818 2042 3912 F,
2060 3821 2103 3900 G

822 3962 864 4023 et
882 3945 933 4037 L,
954 3944 1019 4036 M,
1041 3962 1080 4022 et
1096 3943 1294 4024 ducantur
1308 3944 1420 4021 κᾶε
1437 3942 1543 4036 MA,
1564 3941 1655 4032 GB,
1676 3941 1709 4020 F
1711 3940 1768 4032 D,
1788 3939 1861 4019 LE
1881 3940 2106 4050 asymptoto

824 4065 905 4145 CN
924 4065 1131 4174 parallelae,
1162 4082 1203 4144 et
1222 4063 1335 4144 alteri
1353 4063 1575 4172 asymptoto
1595 4063 1669 4142 CK
1693 4062 1734 4140 in
1754 4064 1808 4154 A,
1830 4062 1877 4156 B,
1901 4064 1956 4156 D,
1977 4063 2012 4141 E
2031 4088 2105 4142 oc·

822 4204 1033 4279 currentes,
1054 4206 1094 4266 et
1113 4188 1207 4268 srtC
1223 4203 1430 4280 centrum,
1452 4185 1527 4265 erit
1538 4187 1614 4265 CA
1631 4184 1677 4264 ad
1698 4184 1766 4263 CB
1789 4200 1833 4262 ut
1851 4185 1930 4264 CD
1944 4183 1992 4265 ad
2013 4185 2103 4268 CEt

831 4311 993 4402 Contra,
1015 4308 1102 4390 fiin
1119 4310 1195 4389 CK
1208 4309 1429 4418 asymptoto
1446 4307 1648 4388 sumantur
1662 4335 1685 4387 a
1699 4323 1836 4386 centro
1853 4308 1887 4387 C
1903 4302 2107 4414 segmenta
2162 4299 2182 4325 ⁵

824 4435 915 4526 CA,
936 4434 1021 4524 CB,
1043 4432 1136 4527 CD,
1158 4432 1231 4512 CE
1252 4433 1307 4512 ita
1326 4448 1371 4512 ut
1385 4432 1461 4510 CA
1480 4420 1530 4510 fit
1545 4429 1593 4510 ad
1613 4431 1683 4509 CB
1702 4447 1747 4508 ut
1763 4429 1841 4508 CD
1864 4428 1912 4509 ad
1933 4429 2032 4522 CE,
2061 4447 2107 4510 et

817 4557 851 4635 fi
871 4555 1065 4635 ducantur
1083 4557 1196 4636 recrae
1218 4553 1323 4647 AM,
1344 4553 1435 4648 BG,
1459 4552 1551 4647 DF,
1573 4553 1647 4635 EL
1665 4550 1859 4662 parallelae
1884 4551 2109 4661 asymptoto

822 4676 903 4758 CN
922 4693 961 4757 et
990 4695 1234 4760 occurrentes
1256 4702 1385 4758 curvae
1405 4677 1449 4756 iu
1470 4672 1536 4770 M,
1560 4678 1618 4767 G,
1646 4675 1695 4768 F,
1722 4676 1784 4768 L,
1812 4693 1853 4755 er
1877 4674 2048 4783 denique
2075 4674 2106 4756 fi

813 4799 1014 4883 ⁴ducantur
1031 4801 1143 4883 κᾶε
1156 4796 1259 4897 LM,
1278 4799 1313 4883 F
1315 4799 1382 4898 G,
1413 4815 1529 4883 erunt
1546 4799 1660 4882 recta
1672 4796 1775 4893 LM,
1798 4796 1873 4880 FG
1892 4797 2104 4911 parallelae.

765 4932 768 4937 ⁸
1957 4936 2107 5014 PARS
