5184 6600
597 1202 739 1242 anemo·

595 1285 675 1322 ΝΠΜ
705 1284 742 1321 IN

610 1363 725 1403 PLANO

640 1445 699 1486 DE·

606 1524 726 1568 scutr-

640 1604 710 1650 Tto.

781 924 898 1076 376
959 923 1058 1038 De
1088 915 1377 1040 Senianum
1410 923 1718 1041 Com'carum
1740 922 2030 1045 Doctrina.

779 1175 850 1258 Ille
877 1179 1025 1261 solertia
1056 1185 1205 1291 primus
1232 1183 1409 1263 omnium
1431 1181 1602 1292 perfecit,
1634 1200 1663 1236 “
1685 1214 1752 1293 per
1771 1186 1858 1265 data
1878 1189 2021 1294 puncta
2038 1183 2119 1266 sec-

778 1320 898 1399 tiones
925 1322 1078 1415 ducere,
1110 1353 1196 1432 quae
1220 1327 1340 1403 rectas
1364 1324 1481 1404 lineas
1508 1352 1663 1432 quoque
1689 1326 1873 1432 pofitione
1899 1324 2003 1406 datas
2024 1355 2121 1405 con-

779 1461 971 1566 tingant.''
1022 1464 1084 1543 De
1111 1492 1188 1572 qua
1207 1493 1247 1544 re
1277 1466 1372 1545 dum
1399 1464 1580 1569 cogitaret
1597 1461 1739 1554 adhuc,
1769 1481 1809 1542 et
1835 1465 1938 1579 varia
1957 1465 2004 1543 ad
2024 1491 2122 1544 con·

778 1598 984 1681 ficiendam
1017 1630 1103 1682 eam
1141 1603 1303 1682 subsidia
1333 1604 1561 1711 exquireret,
1591 1602 1631 1680 in
1668 1601 1824 1681 subtiles
1865 1602 2046 1709 quasdam
2083 1621 2125 1683 et

778 1738 888 1821 facilc
906 1769 983 1820 non
1004 1742 1134 1822 obvias
1154 1745 1377 1830 Sectionum
1395 1740 1618 1820 affectiones
1638 1741 1786 1832 incidit,
1819 1768 1914 1848 quas
1934 1762 1973 1820 et
1993 1741 2124 1849 postea

778 1880 895 1959 eriam
931 1879 984 1960 ad
1011 1880 1125 1989 ipsam
1159 1883 1363 1962 Senianum
1397 1880 1435 1959 in
1468 1881 1584 1988 plano
1622 1878 1894 1988 descriptionem
1932 1880 2126 1961 adhibuit.

778 2016 1016 2100 Affectiones
1036 2039 1165 2101 autem
1185 2021 1258 2100 illae
1285 2019 1500 2099 luculenter
1525 2018 1677 2097 anobis
1704 2018 2008 2099 demonstrantur
2028 2021 2122 2100 Lib.

780 2131 819 2240 6.
853 2162 969 2269 Prop.
990 2140 1057 2256 ab,
1087 2182 1126 2243 et
1146 2192 1213 2245 22.
1244 2180 1346 2243 utet
1366 2163 1405 2238 in
1425 2152 1525 2237 libro
1544 2158 1672 2238 nostro
1691 2158 1867 2265 septimo,
1896 2159 2124 2240 Problema-

779 2315 865 2379 tum
885 2329 1040 2405 quoque
1059 2332 1144 2408 quae
1162 2331 1211 2383 ex
1231 2305 1276 2384 iis
1299 2300 1479 2405 pendent,
1501 2298 1703 2380 solutiones
1723 2300 1849 2379 videre
1866 2299 1935 2377 est.

717 2463 722 2471 ·
841 2437 915 2516 Sed
933 2465 1058 2546 neque
1077 2436 1248 2522 adhunc
1267 2439 1388 2547 usque
1408 2436 1526 2529 diem,
1547 2464 1635 2545 quae
1651 2438 1691 2516 in
1710 2436 1787 2519 hoc
1806 2465 1941 2546 genere
1958 2441 2127 2548 optanda

780 2575 915 2669 effent,
927 2578 1147 2684 excogitata.
1155 2579 1218 2659 vel
1231 2580 1278 2659 ad
1297 2578 1446 2658 exitum
1467 2575 1650 2684 perducta
1669 2576 1756 2658 sunt
1774 2581 1919 2659 omnia.
1960 2582 2126 2661 Deside-

781 2736 885 2797 ratur
911 2719 1124 2798 etiamnum
1144 2717 1359 2801 Methodus
1385 2714 1615 2799 Parabolam
1643 2734 1684 2797 et
1703 2715 1953 2826 Hyperbolum
1982 2719 2126 2799 descri-

781 2856 896 2936 bendi
914 2885 981 2966 per
999 2875 1133 2938 motum
1151 2857 1378 2951 continuum,
1409 2872 1586 2936 accurata
1603 2855 1743 2964 pariter
1761 2873 1801 2934 et
1820 2876 1900 2936 tarn
1920 2835 2127 2942 commoda

780 2997 928 3089 eadem,
957 2998 1059 3076 utin
1080 2996 1188 3105 praxi
1206 2995 1428 3104 quotidiana
1446 3023 1532 3075 earn
1552 2994 1731 3101 usurpare
1749 2996 1949 3104 poffimus.

839 3136 911 3214 Sed
944 3152 983 3220 et
1016 3135 1168 3213 tandem
1201 3134 1420 3241 aliquando,
1456 3135 1562 3242 quod
1591 3135 1715 3228 aiunt,
1745 3163 1814 3216 nos
1844 3152 2049 3219 “manum
2078 3140 2129 3223 de

782 3273 1085 3380 tabula”-—quae
1103 3274 1207 3354 enirn
1226 3275 1267 3353 in
1287 3275 1398 3354 initio
1423 3273 1615 3384 propolita
1633 3290 1752 3368 erant,
1782 3274 1914 3354 omnia
1932 3278 2015 3382 jam
2034 3305 2128 3387 per-

782 3415 953 3504 tractasse
973 3416 1170 3507 videmur,
1200 3443 1321 3523 quam
1340 3416 1482 3495 utiliter
1501 3430 1570 3493 aut
1593 3411 1776 3507 dilucide,
1810 3443 1924 3523 penes
1943 3417 2034 3498 alios
2053 3422 2130 3504 erit

778 3553 987 3659 judicium.
1036 3553 1179 3658 Magni
1208 3552 1303 3631 illud
1328 3553 1513 3637 faciemus
1540 3555 1698 3646 interea,
1730 3554 1758 3632 s1
1785 3582 1856 3662 pro
1884 3558 1930 3638 iis
1957 3586 2043 3665 quae
2060 3558 2129 3642 hic

782 3692 972 3783 elaborata
997 3688 1096 3782 sunt,
1127 3693 1213 3798 quia
1233 3692 1488 3799 praestantiora
1506 3693 1547 3771 in
1566 3693 1702 3774 eodem
1729 3721 1865 3801 genere
1893 3697 1933 3776 in
1953 3698 2131 3785 medium

784 3830 930 3921 afferet,
960 3849 999 3907 et
1029 3856 1115 3935 quae
1141 3827 1191 3908 ob
1227 3829 1443 3916 uberiorem
1471 3832 1684 3920 doctrinam
1710 3808 1886 3934 omnino,
1922 3860 1990 3923 aut
2022 3859 2126 3930 certe

784 3968 950 4077 amplius
972 3967 1073 4065 Viris
1091 3967 1248 4062 eruditis
1267 3969 1506 4077 complacere
1525 3971 1678 4080 polluit.

1279 4419 1583 4508 Elidis,
