5184 6600
832 986 949 1139 348
978 988 1076 1103 De
1103 960 1396 1100 scuranum
1420 984 1728 1102 Com'cereem
1755 983 2046 1134 Doerina,

771 1289 773 1292 ·
825 1244 1059 1324 Neaotonum
1088 1268 1202 1320 nemo
1221 1238 1276 1319 est
1297 1237 1365 1346 qui
1384 1236 1530 1318 inficias
1550 1260 1624 1333 eat,
1653 1239 1700 1320 de
1724 1245 1893 1350 propriu,
1922 1244 1962 1322 id
1985 1243 2055 1336 est,
2074 1238 2171 1326 illud

828 1380 1067 1461 concinnaffe
1093 1407 1183 1460 eum
1196 1417 1210 1474 3
1240 1378 1345 1487 quod
1379 1396 1508 1457 tamen
1536 1380 1669 1458 multis
1696 1400 1807 1461 antea
1841 1382 1947 1462 annis
1972 1383 2172 1491 aBriggio

828 1549 985 1629 quoque
1004 1496 1265 1629 excogitatum
1283 1517 1392 1598 fuisse
1412 1497 1495 1626 jam
1515 1519 1600 1598 satis
1620 1519 1785 1627 liquet*

887 1662 1070 1742 Similiter
1094 1663 1200 1741 etde
1231 1660 1461 1740 Hamiltono
1486 1659 1779 1739 existimandum
1807 1657 1876 1751 est,
1918 1657 2174 1768 proculdubio
2239 1727 2245 1757 ,

826 1830 917 1882 eum
964 1801 1191 1883 methodum
1230 1800 1354 1892 istam,
1393 1798 1507 1905 juxta
1544 1826 1663 1908 quam
1699 1797 1907 1909 primarias
1948 1799 2171 1880 Seoionum

826 1943 1034 2052 affeblioner
1071 1944 1250 2051 explicat,
1301 1968 1323 2019 a
1369 1941 1536 2020 memine
1585 1939 1658 2019 alio
1706 1955 1928 2019 mutuatum
1966 1939 2051 2018 effe.
2116 1942 2172 2018 Et

826 2100 953 2164 tamen
987 2083 1212 2162 Gunnnro
1245 2107 1329 2158 eam
1352 2079 1431 2160 sere
1460 2098 1619 2159 centum
1655 2078 1797 2160 abhinc
1827 2080 1934 2158 annis
1968 2079 2171 2161 innotuisse
2278 2093 2282 2098 ’

691 2198 696 2209 ’
749 2218 756 2235 '
825 2221 984 2314 constat,
1021 2223 1111 2300 licet
1152 2246 1311 2301 omnem
1358 2218 1458 2297 illius
1508 2221 1590 2299 vim
1633 2237 1749 2327 atque
1792 2217 1905 2297 usum
1941 2218 2171 2328 perspexiffe

723 2408 725 2410 v
824 2389 902 2441 non
922 2360 1106 2439 videatur.
1157 2357 1385 2465 Ipfiffimam
1404 2358 1507 2438 enim
1535 2356 1636 2438 hanc
1654 2356 1885 2440 methodum
1903 2356 2021 2438 habet
2041 2363 2169 2440 Trac-

824 2519 926 2580 tatus
965 2499 1065 2580 illius
1114 2498 1161 2578 de
1201 2497 1440 2576 Sestionibus
1480 2498 1650 2588 Conicis,
1701 2524 1820 2606 quem
1858 2498 1925 2577 suo
1965 2514 1992 2551 “
2015 2500 2172 2581 Euclidi

825 2653 854 2689 “
874 2639 1075 2717 adauct&
1112 2636 1307 2716 Guarinus
1341 2635 1510 2728 inseruit,
1541 2636 1725 2743 Augustae
1755 2638 2018 2718 Taurinorum
2048 2640 2170 2721 nl).

828 2783 946 2887 1671.
966 2778 1007 2857 in
1031 2777 1160 2855 lucem
1179 2774 1295 2853 edito.
1344 2772 1461 2877 Qud
1488 2792 1618 2853 autem
1637 2792 1748 2854 antea
1764 2801 1786 2852 a
1804 2772 1915 2853 nobis
1935 2792 2013 2854 non
2038 2777 2168 2893 npmi-

700 2967 704 2976 ,
821 2932 933 2995 natus
960 2913 1090 3006 suerit,
1120 2912 1168 2992 in'
1187 2911 1299 2992 causi
1331 2912 1399 3004 est,
1436 2911 1542 3018 quod
1570 2911 1639 2990 ubi
1663 2912 1709 2990 de
1742 2911 1927 3020 primariis
1957 2913 2170 2998 sectionum

821 3053 1090 3134 affectionibus
1119 3055 1212 3160 agit,
1242 3050 1420 3131 diametri
1442 3051 1668 3160 princepalis
1691 3051 1909 3131 affectiones
1944 3049 2025 3131 sere
2055 3057 2169 3134 unice

822 3194 1038 3304 respexerit.
1086 3194 1234 3272 Interea
1261 3211 1302 3270 et
1332 3191 1402 3299 ipsa
1432 3190 1471 3268 in
1486 3207 1672 3270 ¹mentem
1694 3187 1843 3282 subiisse
1862 3188 2023 3283 videtur,
2053 3195 2170 3273 nimis

714 3333 719 3342 ’
820 3333 979 3439 angusta
995 3329 1104 3415 fuisse
1124 3360 1209 3440 quae
1227 3331 1354 3438 primo
1372 3329 1545 3437 posuerat
1565 3327 1820 3437 principiaset
1838 3329 2078 3410 immutanda
2096 3333 2169 3414 effe

821 3472 1120 3579 quodammodo,
1150 3498 1236 3576 quae
1254 3486 1406 3576 ceperat
1425 3468 1592 3549 confilia.
1648 3469 1756 3549 Nam
1774 3469 1813 3546 in
1842 3470 2168 3577 propositionibus

819 3608 893 3687 suis
922 3608 1208 3716 quadragesima
1232 3608 1365 3685 oslava
1395 3623 1435 3684 et
1463 3635 1575 3700 nona,
1605 3609 1650 3687 iis
1677 3606 1886 3687 consimilia
1912 3608 2051 3715 posuit,
2081 3635 2169 3719 quae

819 3748 920 3857 apud
940 3748 1215 3826 Hamiltonum
1226 3762 1357 3824 extant
1373 3743 1465 3825 Lib.
1488 3743 1524 3827 1‘.
1539 3746 1656 3854 Prop.
1676 3772 1723 3825 ιο
1735 3764 1773 3825 et
1788 3774 1805 3827 ἰ
1819 3774 1854 3827 1.
1871 3745 2051 3827 sectiones
2068 3766 2114 3827 ut
2126 3751 2167 3830 iu

818 3914 916 3967 cono
935 3888 1073 3996 positas
1093 3886 1277 3975 indicans,
1291 3884 1409 3963 lineas
1428 3899 1558 3964 autem
1580 3886 1847 3966 tantummodo
1865 3885 2067 3995 respiciens
2086 3915 2165 3982 eas,

817 4052 904 4133 quae
929 4024 1036 4105 intra
1050 4024 1230 4134 sessiones
1257 4023 1329 4103 sese
1349 4042 1499 4104 mutuo«
1514 4024 1654 4107 secant.
1703 4027 1813 4134 Qin
1841 4028 2046 4109 etiterum
2070 4056 2163 4138 pro-

741 4267 747 4278 ‚
816 4163 1018 4274 pofitiones
1054 4166 1195 4246 eaedem
1226 4191 1318 4245 cum
1351 4164 1735 4246 demonstrationibus
1770 4166 1857 4260 suis,
1886 4166 1947 4247 vel
1976 4170 2165 4252 teviffime

633 4348 784 4390 ourin-
817 4303 1031 4385 immutatis
1062 4305 1102 4385 in
1135 4333 1181 4385 eo
1214 4306 1383 4415 prostant
1411 4306 1554 4403 libello,
1584 4310 1651 4417 qui
1683 4337 1705 4389 a
1736 4311 1991 4391 Guutatmo
2021 4311 2163 4417 Jonas

674 4430 743 4468 MUS

650 4508 764 4557 sores.
818 4444 986 4525 Londini
1004 4447 1059 4526 A.
1073 4446 1128 4525 D.
1157 4449 1275 4558 1706.
1295 4446 1365 4529 sub
1383 4450 1538 4531 nomiae
1558 4452 1749 4563 Synopseos
1765 4450 2047 4536 Palmariorum
2064 4454 2162 4535 Ma·
2246 4448 2247 4453 ‘

816 4583 951 4695 theseos
968 4587 1092 4666 editus
1111 4588 1181 4668 est.

1056 4915 1078 4990 ξ
1099 4912 1175 4978 Vide
1190 4916 1313 4982 Hortoni
1325 4902 1575 5001 Logarithmorun
1588 4919 1727 4992 Tabulas,
1749 4940 1780 5001 p.
1796 4917 1849 5000 7⁶·
