5184 6600
821 933 1011 1095 Caput.
1033 934 1336 1047 Secundum.
1483 955 1485 960 ’
1631 973 1751 1091 343

416 1184 536 1265 tiones
556 1184 726 1295 exponit,
757 1213 932 1292 quanam
960 1186 1143 1265 nimirum
1168 1188 1266 1266 inter
1290 1186 1326 1265 se
1355 1183 1508 1279 suerint,
1539 1187 1604 1266 ubi
1623 1216 1645 1267 a
1664 1192 1756 1269 Sec·
1793 1206 1931 1246 nenor-

418 1326 519 1404 tione
540 1326 615 1433 ipsa
635 1344 673 1404 et
691 1324 739 1404 ab
759 1327 930 1406 ordinata
951 1346 991 1403 et
1012 1327 1255 1431 contingente
1275 1326 1324 1404 ab
1344 1326 1476 1406 eodem
1497 1327 1534 1403 in
1555 1347 1598 1405 ea
1613 1333 1757 1435 puncto

418 1464 555 1557 ductis,
589 1466 818 1545 diametrum
849 1466 963 1544 secari
994 1462 1209 1569 contigerit.
1254 1463 1361 1542 Nam
1396 1482 1436 1540 et
1467 1463 1594 1541 omnia
1625 1460 1706 1543 haec
1737 1494 1758 1544 e

420 1602 519 1680 Coni
554 1622 686 1682 natura
715 1602 832 1693 elicit,
872 1620 912 1680 et
939 1600 1151 1679 luculenter
1177 1601 1356 1693 ostendit,
1382 1604 1532 1709 quantis
1563 1630 1609 1681 ex
1639 1604 1759 1712 seipso
1791 1592 1795 1605 ¹

419 1737 587 1846 pollebat
610 1740 756 1847 semper
779 1740 922 1845 ingenii
939 1735 1198 1831 facultatibus,
1226 1760 1265 1819 et
1283 1740 1326 1818 ea
1346 1767 1500 1846 quoque
1521 1740 1759 1848 perspicacid,

419 1878 562 1982 quain
583 1876 694 1954 rebus
713 1874 919 1982 impeditis,
951 1891 1030 1954 tam
1051 1877 1161 1955 unica
1179 1879 1424 1989 confiliorum
1441 1878 1606 1983 adjutrix
1624 1880 1691 1959 est.

1812 1286 1906 1326 GlUS·
1934 1296 1937 1305 '

477 2018 619 2125 Neque
637 2016 735 2095 solus
756 2033 884 2096 tamen
905 2015 1134 2124 Mydorgius
1155 2038 1250 2112 erat,
1272 2020 1339 2126 qui
1355 2018 1550 2127 Apollonii
1569 2022 1762 2128 exemplar
1850 2094 1854 2099 .

422 2154 594 2264 respexit,
624 2175 664 2237 et
694 2155 772 2236 sere
801 2156 990 2250 eandem,
1006 2183 1122 2262 quam
1154 2159 1230 2251 ille,
1262 2159 1492 2241 methodum
1519 2162 1665 2240 secutus
1691 2162 1760 2242 est.

424 2296 682 2375 Confimiliter
699 2314 738 2374 et
757 2295 817 2373 alii
839 2321 994 2403 quoque
1013 2321 1035 2373 a
1057 2295 1476 2405 princspalisdiametri
1501 2299 1763 2380 affectionibus

422 2434 603 2544 auspicati
621 2416 733 2528 sunt,
754 2462 848 2541 quas
866 2453 905 2513 et
924 2436 969 2514 iis
990 2436 1105 2514 etiam
1123 2463 1145 2514 a
1167 2437 1268 2516 Coni
1291 2434 1406 2544 ipsius
1437 2438 1570 2514 notitia
1600 2436 1764 2517 derivare

424 2576 581 2686 placuit.
630 2576 702 2655 Sed
731 2592 770 2652 et
801 2573 904 2653 idem
936 2582 1091 2681 quoque
1109 2573 1200 2682 passi
1219 2572 1327 2652 fuisse
1348 2573 1522 2652 videntur
1540 2601 1685 2665 omnes,
1714 2578 1764 2657 ob

308 2729 310 2734 ’
423 2714 499 2793 hoc
518 2714 643 2824 ipsum
675 2742 724 2794 ex
754 2740 833 2820 quo
861 2713 1015 2791 initium
1045 2711 1227 2805 fecerunt,
1262 2715 1359 2791 intra
1392 2710 1604 2818 angustiora
1634 2740 1765 2794 omnes

422 2852 619 2934 substitisse
638 2852 757 2963 spatia
764 2889 778 2945 3
807 2852 947 2931 tardius
966 2871 1094 2931 autem
1113 2851 1160 2930 ad
1178 2880 1235 2943 ea,
1256 2880 1341 2959 quae
1360 2851 1481 2958 magis
1498 2853 1537 2929 in
1556 2850 1768 2960 longinquo

426 2998 547 3105 posita
564 2995 666 3085 sunt,
685 3012 725 3072 et
742 3018 884 3098 magno
903 3019 995 3070 cum
1015 2990 1211 3070 molimine
1231 2992 1383 3070 tandem
1408 2990 1613 3096 aliquando
1630 3018 1766 3097 perve-

427 3133 533 3216 nisse.
583 3134 691 3215 Nam
722 3147 763 3209 et
783 3131 1005 3222 sectionum,
1035 3136 1149 3238 prout
1179 3131 1276 3210 intra
1305 3157 1446 3210 conum
1466 3127 1594 3236 posrtae
1612 3128 1766 3221 fuerint,

427 3277 501 3356 five
532 3290 653 3367 extra,
685 3289 770 3351 tum
811 3285 851 3349 et
890 3272 1077 3349 rectarum
1107 3266 1292 3347 linearum
1329 3266 1546 3346 affectiones
1585 3266 1767 3374 plurimas

428 3412 542 3494 fimul
575 3412 714 3491 intueri
738 3437 835 3518 opus
867 3409 936 3501 est,
967 3405 994 3487 fi
1021 3408 1068 3486 ad
1092 3406 1371 3487 concinnandas
1396 3432 1526 3508 earum
1557 3405 1602 3482 de
1628 3406 1770 3513 quibus¹

421 3554 506 3658 jam
527 3549 722 3658 loquimur
741 3546 1043 3656 propositionum
1062 3540 1394 3624 demonstrationes
1416 3544 1557 3651 quisse
1582 3542 1768 3651 accingat.

486 3692 628 3795 Neque
657 3687 733 3766 hoc
764 3684 890 3792 ipsum
920 3711 996 3763 non
1029 3682 1124 3761 vidit
1156 3687 1298 3763 interea
1333 3683 1396 3761 Cl.
1430 3687 1497 3761 Dn
1527 3686 1598 3762 LA
1627 3685 1770 3776 Hrnn,

430 3827 728 3907 Mathematices
755 3823 855 3934 apud
874 3819 1095 3933 Parifienses
1123 3818 1308 3898 Professor
1327 3821 1486 3926 Regius,
1514 3821 1581 3926 qui
1615 3837 1655 3896 et
1678 3820 1772 3900 illud

431 3965 619 4073 praecipue
657 3965 751 4068 egit,
799 3977 843 4038 ut
886 3956 1094 4035 istiusmodi
1129 3958 1309 4065 angustiae
1337 3956 1534 4061 conatibus
1576 3958 1648 4035 suis
1696 3986 1772 4036 non

430 4104 636 4184 obstarent.
677 4101 791 4180 Nova
814 4098 939 4204 itaque
958 4093 1141 4174 methodo
1160 4096 1206 4174 ad
1226 4095 1460 4173 Conico'rum
1480 4095 1773 4202 explicationem

431 4245 467 4323 se
485 4243 665 4332 accinxit,
695 4238 789 4347 quin
804 4257 849 4322 ¹et
867 4238 954 4343 plus
975 4236 1057 4313 vice
1082 4233 1246 4342 srmplici
1275 4260 1319 4312 ea
1349 4261 1433 4339 quae
1464 4235 1503 4310 in
1532 4233 1607 4311 hoc
1638 4262 1774 4340 genere

433 4383 638 4464 elaboravit
657 4383 696 4460 in
715 4380 842 4459 lucem
862 4375 993 4455 edidit.
1030 4373 1138 4453 Nam
1154 4389 1193 4450 et
1209 4372 1325 4477 A.D.
1346 4372 1464 4479 1673,
1496 4374 1635 4449 iterum
1657 4374 1775 4477 1679,

435 4540 475 4600 et
495 4522 607 4600 tertio
625 4521 741 4599 etiam
763 4518 834 4598 168
841 4543 879 4624 ς,
902 4512 1123 4623 prodierunt
1142 4510 1283 4615 egregii
1302 4506 1457 4612 hujusce
1472 4509 1556 4586 Viri
1570 4510 1615 4587 de
1629 4512 1773 4588 Sectio-

436 4659 546 4738 nibus
575 4628 731 4736 Conicis
752 4651 1043 4734 Commentarii.
1092 4653 1272 4758 Qorum
1298 4638 1464 4755 *quidem
1488 4656 1662 4757 operum,
1691 4678 1776 4756 quae

437 4797 562 4906 primo
598 4813 638 4876 et
672 4821 758 4904 quae
789 4791 989 4873 noviffime
1023 4791 1123 4898 typis
1155 4787 1350 4869 mandavit
1381 4787 1512 4867 iisdem
1542 4790 1699 4868 omnino
1728 4817 1775 4869 ex

1581 4929 1777 5038 principiis
