5184 6600
568 1774 1587 1945 ⁸srur1oNuM

492 2033 1759 2310 CONICARUM

669 2518 1006 2617 LIBER
1073 2516 1582 2618 TERTIUS.

889 3064 1022 3221 De
1096 3059 1378 3286 Eupsr.

975 3680 1323 3763 LEMMA.

463 3912 505 3996 Si
525 3911 571 3994 fit
588 3911 705 4022 plana
723 3911 850 4022 figura
869 3913 980 3995 ΑΒΕ
997 3913 1280 4025 comprehensa
1298 3911 1402 3995 resti
1417 3913 1494 3995 Ac
1507 3929 1549 3994 et
1565 3909 1686 3995 curva
1700 3909 1805 3993 llari
1832 3939 1909 4002 luo.
1928 3957 1964 4000 ι..
2032 3978 2034 3982 .

524 4036 650 4129 ABC,
679 4049 720 4115 et
751 4034 781 4114 fi
813 4036 1049 4142 quadratum
1078 4062 1128 4119 ex
1162 4035 1479 4148 perpendiculari·
1504 4037 1589 4130 BE,
1631 4032 1748 4116 durii
1782 4062 1810 4116 α’

522 4163 672 4269 ρυηέὶο
692 4159 832 4267 quovis
853 4161 885 4239 B
905 4160 945 4238 in
961 4159 1082 4240 curva
1100 4161 1293 4271 postte-ad
1313 4164 1462 4241 restam
1476 4161 1569 4254 Ac,
1591 4160 1739 4271 aequale
1756 4157 1809 4240 fit

523 4281 751 4391 restangulo
770 4281 884 4361 ΑΕΘ
895 4318 910 4378 3
941 4280 1066 4393 figura
1083 4283 1356 4366 semicirculus
1377 4285 1465 4364 erit.

528 4519 751 4596 ECETUR
774 4518 937 4597 bifariam
955 4524 1050 4597 reiia
1065 4527 1135 4600 Ac
1154 4527 1190 4599 in
1206 4524 1343 4625 punsto
1358 4528 1408 4615 D,
1427 4543 1462 4601 et
1472 4520 1650 4622 jungatur
1664 4523 1752 4608 DB}
1771 4539 1812 4597 et·

553 4639 768 4737 quadratum
791 4662 836 4712 ex
861 4641 932 4713 Du
950 4639 1087 4737 aequale
1113 4641 1180 4715 erit
1204 4647 1280 4736 (47.
1305 4641 1357 4736 1.)
1382 4636 1563 4738 quadratis
1581 4659 1624 4710 ex
1646 4637 1729 4726 DE,
1742 4635 1807 4710 BE

466 4751 573 4827 stmul-
595 4752 756 4851 sumptis.
806 4750 890 4843 Se'd,
915 4778 979 4853 per
1005 4753 1154 4854 hypoth.
1180 4753 1396 4852 quadratum
1424 4774 1469 4824 ex
1499 4749 1571 4824 BE'
1591 4749 1729 4848 aequale
1758 4747 1808 4823 est

466 4867 673 4965 restanguio
690 4867 793 4942 AEC
804 4904 815 4958 ;
842 4888 879 4941 et
894 4888 1081 4968 propterea
1096 4868 1309 4968 quadratum
1332 4892 1375 4942 ex
1392 4868 1460 4940 DB
1480 4864 1619 4964 aequale
1636 4863 1809 4962 quadratu

466 5002 511 5052 ex
530 4983 600 5058 DE
615 4985 686 5057 uni
703 4984 1014 5085 cum-reiiangulo
1038 4983 1157 5060 ΑΕΘ.
1211 4983 1282 5059 Sed
1304 4990 1357 5085 (ς.
1376 4985 1430 5074 2.)
1445 4981 1657 5083 quadratum
1674 5002 1718 5052 ex
1738 4976 1817 5048 DC'

1672 5106 1821 5207 aquale-
