5184 6600
581 1097 585 1102 ,
623 987 913 1110 Senonum
945 990 996 1105 C
989 957 1254 1107 ousiarum
1286 977 1422 1111 tn.
1469 991 1574 1107 Vi.
1651 963 1707 1120 ¹⁸2
1711 1034 1745 1148 3
1753 1034 1786 1148 3

450 1240 518 1318 CL
536 1241 705 1345 aequales.
741 1242 843 1317 Nam
859 1257 1046 1315 occurrant
1062 1241 1234 1316 ordinatae
1251 1238 1332 1329 CK,
1345 1239 1417 1315 AL
1435 1239 1607 1316 diametro
1625 1241 1677 1315 IG
1695 1241 1732 1315 in
1746 1241 1789 1329 Ε,
1836 1297 1839 1300 Δ

449 1359 498 1448 G,
516 1378 553 1432 et
570 1357 724 1433 abscittae
748 1359 813 1448 ΙΕ,
826 1358 882 1432 IN
900 1373 1004 1433 erunt
1021 1354 1148 1431 mediae
1169 1354 1454 1457 proportionales
1478 1356 1570 1432 inter
1592 1355 1737 1443 1F‚1G,
1755 1373 1793 1429 et

449 1472 600 1570 proinde
615 1496 690 1547 cor.
709 1490 821 1570 patet.

496 1588 580 1661 Cor.
597 1585 645 1663 11.
670 1584 773 1659 Hinc
801 1584 827 1660 st
844 1607 865 1658 a
880 1585 1014 1685 pundo
1030 1585 1159 1683 quovis
1181 1587 1219 1659 A
1236 1582 1273 1659 in
1290 1584 1400 1659 curvi
1415 1585 1593 1684 parabolae
1620 1587 1792 1661 ducantur
1831 1590 1907 1653 Fre.
1924 1609 1970 1668 ry.

449 1705 531 1778 duae
547 1703 665 1789 κᾶε,
690 1724 762 1777 una
785 1701 1010 1802 contingens,
1036 1701 1146 1777 altera
1171 1700 1284 1799 ipsam
1307 1697 1424 1776 secans
1450 1700 1487 1774 in
1509 1703 1651 1800 punitis
1669 1706 1719 1789 A,
1732 1706 1788 1786 Ε,
1887 1711 1891 1716 ’

449 1840 533 1920 quae
548 1836 738 1921 occurrant
760 1815 939 1891 diametro
966 1816 1080 1891 cuivis
1105 1817 1157 1892 IG
1175 1818 1210 1890 in
1226 1819 1255 1891 B
1271 1836 1310 1890 et
1326 1815 1378 1904 E;
1404 1835 1508 1891 erunt
1532 1817 1612 1905 ΟΕ,
1625 1817 1696 1891 ΕΑ
1712 1814 1791 1915 seg-

450 1932 570 2035 menta]
583 1931 733 2009 ‘secantis
751 1931 844 2007 inter
858 1931 1076 2035 diametrum
1092 1952 1129 2006 et
1147 1928 1353 2033 parabolim
1371 1931 1415 2006 ad
1432 1930 1652 2020 seinvicem,
1671 1950 1709 2007 ut
1725 1931 1792 2021 Ei,

449 2046 502 2121 IB‘
524 2047 707 2145 segmenta
731 2043 895 2120 diametri
921 2045 1012 2120 inte'r
1034 2044 1210 2121 verticem
1226 2052 1273 2122 'et
1299 2045 1475 2122 secantem
1499 2040 1539 2121 et
1561 2045 1731 2121 verticem
1757 2069 1794 2123 et

449 2161 726 2261 contingentem.
767 2159 806 2233 Si
828 2157 926 2237 enim
942 2158 986 2235 stt
1008 2160 1083 2235 AC
1108 2161 1300 2236 ordinatim
1322 2162 1499 2261 applicata
1514 2162 1690 2238 diametro
1715 2164 1793 2248 lG,

451 2296 556 2352 erunt
569 2278 752 2374 segmenta
763 2272 842 2364 (ΣΕ,
855 2275 939 2362 ΕΑ,
964 2276 1017 2348 uti
1036 2267 1147 2349 etiam
1163 2276 1229 2364 Ei,
1245 2276 1291 2351 1ss
1310 2277 1402 2351 inter
1416 2276 1451 2351 se
1465 2278 1629 2377 aequalia.
1670 2278 1709 2352 si
1722 2281 1792 2355 Ac

452 2414 523 2465 non
552 2388 594 2462 srt
619 2387 811 2463 ordinatim
840 2388 1017 2489 applicata
1045 2388 1107 2488 ipss
1131 2389 1210 2479 iG,
1234 2387 1402 2464 maneant
1423 2393 1546 2467 omnia
1562 2412 1601 2467 ut
1626 2392 1663 2467 in
1683 2394 1792 2491 Prop.

367 2555 373 2563 -
453 2524 502 2595 et,
528 2503 715 2581 obfimilia
732 2504 911 2604 triangula
924 2503 974 2578 est
992 2504 1206 2604 quadratum
1222 2530 1267 2581 ex
1289 2504 1355 2578 CE
1373 2505 1416 2581 ad
1433 2505 1646 2603 quadratum
1663 2530 1707 2580 ex
1722 2507 1793 2580 EA

453 2626 495 2695 ut
511 2607 744 2726 'quadratum‘
763 2633 813 2696 ex'
830 2622 893 2699 CF
904 2622 960 2719 ad
989 2622 1205 2723 quadratum
1231 2621 1274 2694 ex
1290 2620 1377 2708 AG,
1401 2620 1471 2694 hoc
1494 2619 1556 2707 est,
1577 2643 1643 2718 per
1667 2644 1738 2693 cor.
1763 2644 1795 2694 1.
1816 2683 1818 2687 ,
1857 2605 1860 2611 ¹

451 2747 560 2839 praec'.
577 2756 614 2812 et
636 2738 745 2838 Prop.
764 2735 801 2813 6.
818 2736 905 2815 Lib.
920 2760 955 2814 2.
970 2755 1027 2835 ¹ut
1042 2739 1098 2812 ID
1115 2735 1161 2812 ad
1177 2736 1239 2812 IB.
1276 2734 1348 2826 Sed
1358 2735 1468 2811 ¹redtae
1491 2735 1559 2821 ID,
1573 2734 1638 2822 IE,
1655 2735 1703 2808 1ss
1720 2733 1798 2807 sunt

450 2851 746 2953 proportionales,
762 2876 829 2951 per
843 2852 953 2950 Prop.
967 2856 1000 2929 8.
1018 2871 1054 2926 et
1071 2851 1203 2925 idcirco
1219 2860 1260 2924 ut
1276 2849 1332 2924 ΙΙ)
1349 2850 1395 2923 ad
1412 2850 1457 2923 [B
1476 2855 1553 2944 (to.
1570 2849 1622 2941 6.)
1641 2850 1690 2921 ita
1705 2874 1796 2948 qua-

451 2966 592 3072 dratum
609 2992 653 3042 ex
677 2966 730 3052 IE
752 2968 797 3041 ad
814 2967 1030 3069 quadratum
1046 2990 1091 3040 ex
1109 2966 1166 3040 iB.
1183 3027 1188 3033 .
1210 2950 1389 3064 Qareir
1400 2967 1430 3036 ι’.
1452 2963 1507 3057 5.)
1520 2982 1567 3052 ut
1582 2963 1798 3061 quadratum

452 3091 497 3154 ex
513 3080 580 3155 CE
597 3081 641 3156 ad
656 3080 875 3180 'quadratum
889 3104 934 3155 ex
949 3081 1023 3157 ΕΑ
1037 3080 1085 3156 ita
1101 3080 1317 3181 quadratum
1334 3102 1379 3153 ex
1393 3077 1445 3153 IE
1459 3077 1504 3150 ad
1520 3078 1735 3177 quadratum
1752 3103 1798 3153 ex

452 3194 521 3282 113;
538 3216 575 3271 et
590 3195 741 3293 proinde
751 3216 795 3269 ut
811 3194 877 3270 CE
894 3195 940 3274 ad
956 3197 1026 3271 EA
1044 3196 1162 3270 ita'iE
1177 3195 1223 3275 ad
1238 3194 1300 3268 IB.
1400 3195 1404 3203 '
1522 3191 1523 3197 ’
1759 3195 1761 3198 ’

463 3324 467 3333 ’
504 3313 591 3389 Cor.
609 3311 683 3387 lli.
703 3310 741 3385 Si
755 3311 779 3384 'a
800 3311 942 3412 pund'to'
952 3310 1081 3412 quovis
1097 3304 1187 3405 Ain
1205 3336 1314 3386 curva
1329 3313 1508 3413 parabolae¹
1522 3311 1700 3388 ducantur
1716 3309 1799 3388 duae
1827 3323 1904 3386 Fre.
1920 3343 1967 3405 ¹9·

453 3428 560 3530 rediae
572 3428 656 3515 AC,
666 3427 740 3502 AG
752 3438 873 3501 curvae
891 3426 1020 3501 iterum
1039 3425 1228 3530 inpuntiis
1239 3427 1283 3515 C,
1299 3426 1333 3525 G
1347 3429 1585 3514 oecumentes,
1596 3446 1633 3501 et
1648 3428 1799 3502 ducatur

453 3568 518 3645 per
532 3543 709 3643 punttum
729 3543 761 3617 C
778 3541 951 3619 diameter
964 3543 1035 3618 ct)
1049 3565 1240 3619 occurrens
1256 3544 1363 3618 redtae
1378 3541 1451 3616 AG
1465 3540 1502 3616 in
1514 3542 1565 3628 D,
1591 3563 1656 3642 per
1671 3541 1798 3639 punti-

451 3683 516 3733 um
533 3682 619 3733 vero
634 3659 670 3733 G
687 3657 862 3733 diameter
874 3657 944 3732 GE
959 3681 1148 3732 occurrens
1162 3657 1269 3731 redae
1280 3655 1352 3732 AC
1366 3655 1403 3729 in
1413 3655 1459 3741 E,
1476 3674 1512 3728 et
1520 3652 1696 3753 jungatur
1704 3655 1775 3730 DE
1783 3690 1798 3742 ς

453 3774 520 3848 eri't
534 3772 629 3847 reda
643 3770 715 3846 DE
731 3772 899 3871 parallela
911 3771 1138 3871 'contingenti
1155 3773 1228 3847 ΑΒ.
1238 3771 1357 3868 dudiae
1372 3794 1437 3869 per
1447 3769 1622 3867 punctum
1631 3771 1679 3843 A.
1722 3771 1800 3846 0c··

373 3933 376 3944 ·
453 3888 571 3963 currat
588 3885 686 3962 enim
707 3886 879 3962 diameter
893 3887 964 3960 DC
990 3884 1213 3983 contingenti
1232 3886 1300 3960 AB
1318 3883 1354 3960 in
1376 3886 1420 3972 B,
1436 3901 1560 4001 seper
1582 3907 1654 3959 cor.
1671 3906 1707 3958 2.
1732 3881 1806 3976 erit,

454 4001 528 4076 GD
546 4000 592 4076 ad
616 4003 691 4076 DA
706 4020 748 4075 ut
772 4000 843 4090 DC
860 4001 907 4075 ad
926 4001 1002 4091 CB,
1017 4000 1089 4075 hoc
1100 3998 1163 4089 est,
1177 4018 1324 4099 propter
1345 3996 1526 4096 parallelas
1539 3996 1623 4085 CD,
1633 3997 1717 4086 EG,
1734 3998 1802 4071 erit
1964 4053 1967 4057 -

453 4114 520 4193 EC
548 4114 594 4188 ad
622 4115 692 4190 CA
713 4126 756 4189 ut
782 4114 851 4190 DC
869 4115 914 4189 ad
929 4115 1003 4190 CB.
1049 4114 1149 4212 Ergo
1174 4113 1227 4211 (6.
1249 4115 1303 4217 d.)
1331 4113 1409 4187 sunt
1424 4109 1547 4212 anguli
1569 4111 1687 4203 CDE,
1700 4112 1800 4189 CBA

454 4230 635 4332 aequales
647 4248 684 4302 et
698 4230 847 4329 proinde
863 4231 969 4307 redite
984 4231 1065 4318 AB,
1077 4230 1148 4305 DE
1163 4231 1354 4328 parallelae.

476 4430 478 4433 .
506 4343 676 4419 Cor.·lV.
703 4329 938 4451 Manentibus
948 4343 1037 4446 ja'm.
1043 4343 1167 4447 positis
1180 4345 1218 4417 in
1237 4369 1309 4419 cor.
1322 4368 1432 4446 praec.
1450 4364 1615 4448 occurrat
1628 4345 1801 4429 diameoer
1830 4390 1907 4451 1²10.
1923 4394 1972 4466 ¹9·

456 4452 759 4560 GEcontingenti
777 4462 845 4537 AB
859 4459 895 4537 in
911 4463 967 4552 H,
977 4481 1012 4536 et
1026 4467 1109 4560 (34.
1125 4462 1174 4552 r.)
1188 4478 1291 4534 erunt
1305 4459 1412 4567 redtae
1427 4457 1517 4548 ΕΗ,
1528 4459 1595 4534 BD
1608 4460 1775 4560 aeqnales.

507 4577 594 4650 Cor.
609 4575 659 4651 V.
696 4572 826 4651 iisdem
842 4576 1079 4664 manentibus,
1102 4593 1250 4674 propter
1265 4571 1465 4672 parallelas,
1481 4573 1547 4649 erit
1572 4573 1650 4649 HG
1668 4572 1713 4649 ad
1733 4578 1800 4650 BD

388 4734 390 4737 ψ
458 4707 500 4763 ut
515 4686 593 4763 ΗΕ
617 4690 663 4763 ad
678 4691 755 4781 BC,
780 4710 816 4767 et
832 4691 995 4790 proinde,
1019 4691 1068 4766 ob
1085 4688 1239 4791 aequales
1263 4689 1353 4780 HE,
1367 4687 1448 4781 BD,'
1473 4689 1539 4766 erit
1561 4691 1637 4768 HE
1653 4690 1712 4767 vel
1732 4694 1801 4768 BD
1830 4744 1836 4751 -

300 4899 304 4905 ἢ
459 4801 577 4880 media
591 4806 867 4909 proportionalis
879 4806 973 4886 inter
988 4808 1081 4898 HG,-
1092 4809 1168 4884 BC.
1228 4894 1233 4904 ‚
1839 4862 1846 4867 -

1106 4960 1142 5035 G
1170 4984 1196 5060 g
1632 4960 1801 5040 PROP.
