5184 6600
775 965 894 1124 316
950 972 1048 1087 De
1076 964 1366 1091 Stilionem
1395 973 1705 1095 Com‘carum
1724 970 2020 1123 Domina,

829 1226 986 1306 Pnrnro
1014 1224 1133 1322 enim,
1165 1254 1250 1335 quae
1268 1252 1363 1306 cum
1381 1225 1551 1305 doctrina
1575 1226 1779 1333 conjuncta
1797 1229 1884 1310 sunt
1904 1248 2012 1312 extra
2044 1202 2123 1340 po-

773 1366 945 1473 pularem
963 1365 1114 1446 sensum
1133 1385 1171 1448 et
1191 1367 1300 1475 vulgi
1318 1365 1468 1474 ingenia
1486 1360 1563 1443 ferd
1582 1367 1741 1448 omnino
1754 1369 1887 1477 jacent
1902 1407 1977 1464 3-
1984 1370 2127 1451 deinde

773 1503 991 1584 celebritate
1024 1503 1088 1583 sus
1120 1503 1297 1584 homines
1319 1531 1397 1584 non
1419 1503 1632 1610 percellunt
1650 1507 1718 1599 ita,
1745 1500 1936 1617 quantum
1953 1508 2127 1618 exempli

772 1643 907 1751 gratiis,
942 1670 1028 1751 quae
1047 1642 1095 1722 ad
1119 1671 1202 1722 rern
1232 1642 1385 1722 civilem
1412 1643 1603 1751 pertinent
1621 1646 1897 1741 autbellicam.
1957 1648 2020 1728 Ex
2039 1674 2126 1754 quo

771 1781 920 1863 factum
937 1783 993 1862 est
1009 1782 1204 1892 pauciores
1223 1784 1340 1863 etiam
1359 1783 1399 1861 in
1417 1779 1494 1862 hoc
1511 1807 1650 1888 genere
1668 1783 1830 1877 extitiffe
1847 1786 2048 1865 sudorum
2068 1783 2124 1863 li-

772 1920 878 2015 bros,
907 1939 948 2002 et
980 1949 1117 2003 eorum
1151 1936 1236 2032 quae
1268 1922 1392 2029 magis
1424 1947 1472 1998 ex
1504 1917 1578 1998 hac
1610 1935 1719 2027 parte
1750 1923 1909 2030 antiqua
1941 1920 2029 2001 sunt
2055 1923 2125 2001 in-

771 2060 954 2142 tercidiffe
972 2063 1166 2143 notitiam.
1224 2061 1344 2141 Porro
1363 2076 1494 2139 autem
1510 2086 1560 2138 ex
1579 2057 1789 2141 istiusmodi
1808 2060 1936 2154 rebus,
1961 2062 2003 2141 in
2027 2063 2124 2167 qui·

771 2199 845 2280 bus
865 2203 1017 2310 ingenio
1044 2219 1085 2283 et
1118 2200 1232 2308 longa
1261 2200 1529 2282 exercitatione
1558 2225 1656 2308 opus
1686 2198 1755 2292 est,
1784 2198 1882 2280 nihil
1906 2201 2123 2310 extemplo,

771 2341 884 2421 unius
909 2339 1052 2421 scilicet
1069 2356 1137 2420 aut
1166 2340 1319 2421 alterius
1345 2358 1485 2421 conatu
1515 2339 1557 2419 in
1586 2364 1773 2447 magnum
1792 2341 1984 2432 excrevit;
2020 2337 2125 2421 nihil
2216 2433 2220 2441 ¹

769 2505 905 2558 eorum
929 2506 1015 2587 quae
1031 2478 1082 2558 in
1099 2474 1364 2586 hujuscemodi
1389 2477 1595 2588 disciplinis
1614 2478 1753 2558 eximia
1783 2478 1885 2574 sunt,
1916 2480 2120 2588 excogita·

773 2635 862 2697 tum
889 2615 1016 2710 fimul,
1046 2633 1086 2698 et
1116 2616 1223 2703 suam
1244 2619 1286 2702 in
1311 2618 1441 2726 aliquo
1460 2635 1597 2725 genere
1614 2618 1771 2698 nauum
1802 2617 1857 2697 est
1889 2616 2121 2727 amplitudi-

771 2783 877 2835 nem.
925 2755 998 2834 Sed
1027 2772 1067 2835 et
1091 2755 1222 2835 omnia
1246 2753 1331 2836 haec
1359 2757 1469 2837 aliter
1497 2756 1657 2835 omnino
1686 2754 1724 2835 se
1753 2753 1912 2837 habent.
1971 2758 2122 2866 Neque

769 2893 941 3005 profedo
958 2893 1135 2975 videntur
1152 2892 1347 2989 homines,
1377 2894 1448 2976 nifi
1467 2893 1622 2974 tandem
1639 2892 1845 3004 aliquando
1864 2911 1904 2993 et
1929 2894 1998 2974 ubi
2017 2897 2121 2977 alio-

772 3032 1042 3114 rum-inventis
1059 3033 1257 3142 egregium
1276 3032 1432 3142 aliquod
1450 3032 1497 3112 de
1515 3032 1581 3113 suo
1592 3033 1811 3139 adjecerint,
1826 3034 1879 3115 ob
1899 3034 2124 3118 doctrinam

768 3173 861 3256 fassi
878 3172 951 3286 elle
979 3171 1157 3265 illustres,
1190 3190 1231 3253 et
1261 3170 1449 3254 tradidiffe
1466 3198 1511 3251 ea
1535 3199 1702 3281 quorum
1732 3170 1782 3250 ad
1805 3169 1974 3252 nostram
1990 3172 2120 3283 usque

769 3330 920 3425 atatem
936 3314 1143 3422 permansrt
1161 3315 1361 3398 memoria.
1398 3311 1519 3421 Qod
1527 3332 1569 3394 et
1582 3310 1810 3423 ipsrffirnum
1822 3312 1870 3392 de
1883 3311 1929 3393 iis
1948 3312 2122 3397 scientiae

770 3452 1054 3563 partitionibus,
1085 3478 1170 3560 quae
1186 3449 1394 3558 μαθήματα
1424 3470 1611 3550 vocantur
1638 3452 1904 3534 arbitrandum
1933 3453 2002 3546 est,
2033 3480 2122 3535 non

769 3591 953 3674 effinxille
987 3617 1050 3671 eas
1087 3608 1155 3672 aut
1191 3590 1337 3699 primos
1372 3593 1552 3672 omnium
1574 3591 1776 3675 excoluiffe
1810 3592 1910 3685 illos,
1945 3619 2121 3701 quorum

713 3834 717 3846 ‚
770 3731 909 3841 scripta
927 3757 975 3810 ex
993 3728 1067 3809 hac
1085 3745 1193 3839 parte
1212 3729 1274 3809 vel
1291 3729 1550 3838 antiquiffima
1572 3733 1621 3814 ad
1640 3760 1711 3812 nos
1725 3732 1972 3813 devenerunt.
2008 3732 2120 3814 vix-

768 3888 881 3954 erunt
911 3888 998 3967 ante
1027 3897 1092 3952 eos
1117 3869 1233 3952 multi
1258 3871 1394 3979 procul
1419 3871 1552 3964 dubio,
1589 3870 1658 3978 qui
1689 3868 1816 3950 facem
1850 3869 2120 3984 praetulerunt,
2187 3905 2201 3911 ··

769 4011 840 4117 qui
856 3980 943 4093 casu
966 4028 1033 4096 aut
1050 4009 1175 4093 dedita
1192 4009 1308 4120 opera
1324 4014 1590 4123 excogitarunt
1608 4036 1665 4104 ea,
1694 4036 1743 4090 ex
1762 4009 1902 4124 quibus
1922 4009 2119 4091 recentio-

770 4174 859 4229 rum
885 4145 1090 4232 hominum
1108 4148 1285 4232 inclaruit
1299 4148 1482 4243 studium,
1511 4148 1715 4260 postquam
1734 4147 1944 4229 istiufinodi
1963 4148 2121 4257 princi-

769 4286 832 4396 pia
850 4286 912 4368 vel
926 4287 966 4370 in
980 4287 1152 4373 ordinem
1170 4287 1352 4397 redigere,
1372 4292 1434 4374 vel
1451 4292 1563 4374 latius
1581 4290 1749 4400 proferre
1767 4318 1838 4399 pro
1856 4290 1931 4372 suis
1951 4290 2123 4400 quisque

767 4426 911 4541 ingenii
927 4428 1071 4510 viribus
1089 4428 1280 4539 sggteffus
1300 4430 1369 4513 est.

823 4565 1080 4651 carrion
1106 4569 1201 4653 dum
1225 4570 1273 4656 de
1301 4568 1362 4652 his
1380 4571 1546 4680 agimus,
1573 4596 1618 4650 ea
1635 4567 1831 4649 innuimus
1850 4565 1929 4676 ipsa
1955 4593 2043 4674 quae
2072 4584 2120 4648 et

760 4702 901 4796 ,nostris
921 4732 1077 4815 quoque
1096 4709 1259 4791 confinis
1288 4709 1318 4791 fi
1348 4692 1427 4793 non
1443 4709 1601 4793 omnino
1619 4700 1785 4801 obstent,
1812 4705 1946 4788 saltem
1976 4706 2115 4815 impe-

764 4840 937 4930 dimento
968 4843 1155 4941 erint,‘et
1187 4874 1274 4956 quae
1311 4845 1368 4929 illi
1400 4850 1472 4960 qui
1510 4872 1781 4932 srcsrorsunr
1823 4869 2115 4928 courcnnuM
