5184 6600
678 962 802 1108 262
874 917 1166 1089 Seiit’onum
1198 958 1509 1084 Conicarum
1540 964 1673 1085 Llu.
1703 960 1850 1082 VII.

1013 1505 1018 1519 .
1172 1431 1425 1516 PROP.
1489 1432 1525 1516 1.

506 1634 586 1702 ¹²¹⁶·
600 1637 628 1701 ¹⁴
681 1643 776 1729 Sint
794 1641 881 1742 dua
899 1639 1091 1762 parabola
1110 1642 1243 1735 BAD,
1263 1639 1341 1724 bad
1362 1667 1534 1753 quarum
1551 1664 1641 1721 axea
1661 1638 1753 1736 AL,
1765 1638 1843 1722 aL
1872 1635 2031 1722 coinci-

740 1769 858 1860 dunt,
894 1784 936 1846 et
965 1767 1008 1846 in
1027 1766 1119 1859 AL,
1146 1766 1249 1854 iutra
1268 1764 1493 1873 parabolam
1519 1761 1608 1857 bad,
1635 1762 1812 1848 sumatur
1828 1766 2031 1873 punstum

741 1892 855 1974 Lita
882 1907 928 1970 ut
955 1888 1205 1998 segmentum
1224 1890 1302 1969 AL
1329 1887 1377 1969 fit
1408 1888 1456 1968 ad
1488 1885 1737 1995 segmentum
1757 1885 1838 1967 aL
1868 1900 1916 1967 ut
1943 1884 2032 1966 AG

739 2028 956 2126 parameter
974 2011 1058 2101 axia
1078 2012 1154 2094 AL
1182 2011 1229 2090 ad
1249 2038 1309 2120 ag
1327 2028 1591 2120 parmretrum
1621 2011 1831 2105 axis-au,
1861 2008 2036 2094 ducatur

739 2136 891 2245 quavis
910 2138 1013 2223 reda
1031 2133 1118 2218 LM
1140 2160 1268 2215 curvrae
1285 2132 1478 2243 parabola
1497 2131 1574 2228 bad
1587 2134 1631 2213 in
1651 2135 1800 2240 pontio
1817 2159 1867 2224 n,
1900 2155 2033 2213 curvae

742 2285 836 2339 vero
855 2255 1048 2367 parabolae
1066 2256 1181 2335 BAD
1201 2257 1242 2336 in
1271 2260 1418 2365 punito
1437 2256 1488 2336 M
1507 2281 1731 2348 occurrens,
1764 2271 1805 2335 et
1835 2254 2036 2334 ducantur

739 2382 791 2461 ad
816 2406 931 2461 axem
959 2384 1071 2459 redtae
1089 2394 1163 2487 mp,
1179 2378 1263 2459 MP
1293 2380 1331 2459 ei
1356 2379 1568 2459 ordinatim
1588 2379 1818 2494 applicata,
1850 2376 1927 2457 erit
1958 2377 2035 2456 ab·

742 2501 849 2585 sciffa
863 2504 936 2583 ΑΡ
948 2501 1004 2592 td,
1015 2498 1215 2580 abscidam
1235 2518 1285 2610 ap
1306 2518 1352 2580 ut
1366 2518 1585 2609 pammeter
1602 2501 1681 2581 AG
1700 2501 1748 2579 ad
1764 2517 2035 2608 parametrum

741 2652 808 2736 ag,
828 2644 868 2708 et
886 2626 927 2706 in
947 2624 1085 2705 eadem
1102 2624 1251 2705 ratione
1270 2623 1450 2705 ordinata
1463 2624 1549 2705 MP
1569 2623 1617 2703 ad
1637 2624 1863 2704 ordinatam
1883 2640 1962 2733 mp.

688 2842 762 3014 Sl
780 2815 1377 2931 animumanimumum
1392 2859 1436 2937 ap
1453 2783 1754 2917 manentum
1768 2840 1899 2915 neno
1916 2837 2038 2940 anag,

770 2956 813 3034 fit
829 2955 974 3035 absoiffa
989 2957 1058 3031 ΑΡ
1078 2955 1386 3059 adabscifftmw
1400 2977 1441 3036 ut
1457 2956 1530 3039 AG
1549 2955 1595 3030 ad
1613 2980 1658 3053 ag
1669 2990 1682 3050 5
1708 2973 1748 3036 ut
1767 2954 1923 3030 darentur
1937 2955 2040 3030 ordi-

688 3089 773 3159 nata
785 3094 834 3144 vx
849 3070 957 3164 κάκ
970 3070 1052 3145 LM
1069 3067 1106 3145 in
1114 3096 1139 3166 y
1151 3094 1350 3145 occurrens.
1389 3070 1439 3143 Et
1463 3068 1634 3169 quoniam
1652 3089 1692 3144 ut
1708 3069 1781 3144 AG
1807 3069 1851 3142 ad
1868 3095 1912 3169 ag
1934 3070 1985 3143 ita
2003 3069 2041 3144 se

690 3184 800 3260 habet
816 3203 895 3259 tum
910 3184 984 3259 AL
998 3183 1081 3259 ada
1107 3185 1143 3259 L
1168 3203 1246 3259 tum
1266 3188 1335 3259 AP·
1349 3185 1481 3274 aduv,
1500 3184 1569 3259 erit
1593 3192 1608 3279 (
1616 3208 1671 3281 ¹9·
1688 3183 1744 3278 5'.)
1756 3184 1833 3257 AG
1855 3184 1903 3257 ad
1925 3208 1970 3283 ag
1998 3205 2044 3259 ut

689 3298 821 3381 Lr-ad
845 3300 1079 3407 Luxhocest
1101 3300 1241 3400 (4·⁶·)›
1259 3321 1306 3385 oo
1328 3303 1410 3386 MP·
1436 3302 1481 3382 ad
1497 3326 1553 3397 m,
1591 3296 1739 3389 Βατία,
1761 3323 1825 3397 per
1849 3299 1961 3399 Prop.
1979 3325 2043 3378 11.

688 3415 777 3489 Lib.
791 3438 828 3488 a.
847 3434 888 3489 ut
904 3415 1150 3511 feuangulum
1165 3413 1229 3491 sub
1251 3417 1339 3505 AG,
1349 3418 1417 3497 ΑΡ
1435 3416 1480 3499 ad
1496 3415 1741 3515 redargulum
1759 3414 1836 3505 sub,
1853 3440 1909 3513 ag,
1922 3440 1972 3488 aa
1988 3416 2044 3490 ita
2127 3490 2130 3496 ,

688 3528 904 3627 quadratum
920 3551 964 3602 ex
981 3529 1059 3602 MP
1076 3530 1122 3602 ad
1138 3530 1352 3627 quadratum
1369 3557 1414 3606 ex
1425 3557 1483 3606 vx.
1524 3531 1598 3605 Sed
1613 3531 1858 3627 redangulum
1871 3528 1936 3602 sub
1950 3531 2043 3616 AG,

692 3645 762 3718 ΑΡ
787 3639 898 3715 fimile
914 3639 964 3714 est
980 3642 1186 3740 redtangulo
1210 3642 1274 3718 sub
1289 3670 1349 3745 ag,
1363 3672 1425 3735 av,
1453 3666 1489 3720 et
1504 3646 1653 3745 proinde
1673 3653 1752 3741 (22.
1770 3646 1822 3734 6.)
1841 3664 1882 3718 ut
1900 3646 1973 3719 AG
1994 3647 2044 3720 ad

689 3754 799 3853 agita
822 3756 899 3830 MP
916 3756 961 3829 ad
976 3779 1035 3830 ox.
1071 3746 1173 3854 Ergo
1188 3776 1231 3832 ut
1246 3759 1324 3833 MP
1343 3761 1389 3834 ad
1403 3785 1448 3855 ay
1466 3761 1514 3834 ita
1533 3761 1610 3834 MP
1632 3760 1677 3833 ad
1693 3784 1754 3847 vx,
1769 3779 1807 3833 et
1830 3759 1965 3833 idcirco
1981 3785 2045 3854 w,

690 3895 737 3944 xv
754 3870 929 3969 aequalest
955 3869 1056 3969 quod
1071 3871 1121 3944 est
1137 3870 1339 3949 absurdum.
1377 3877 1434 3952 Ut
1447 3876 1554 3975 igitur
1566 3876 1639 3950 AG
1653 3876 1698 3949 ad
1712 3900 1756 3973 ag
1768 3876 1817 3947 ita
1830 3878 1898 3948 AP
1914 3874 1959 3946 ad
1977 3894 2043 3971 ap,

689 4003 732 4059 et
747 3984 782 4057 in
799 3985 923 4058 eadem
939 3985 1141 4072 radmeeu
1154 3988 1233 4070 MR
1249 3989 1293 4071 ad
1306 4007 1359 4084 'M
1373 3997 1451 4088 (219-
1468 3988 1536 4085 5.).
1866 3987 1915 4087 Q
1929 3991 1977 4062 E.
1990 3992 2046 4064 D.

747 4098 833 4172 Cor.
852 4099 884 4173 1.
923 4099 1106 4204 Quoniam
1123 4120 1165 4174 ut
1181 4102 1258 4176 MP
1275 4102 1321 4177 ad
1334 4123 1388 4208 ηερ
1404 4104 1453 4178 ita
1470 4105 1550 4178 ML
1569 4104 1614 4178 ad
1632 4105 1709 4179 mL
1728 4111 1780 4199 (4.
1796 4103 1854 4200 6.)
1870 4104 1937 4178 erit
1953 4104 2046 4179 ML

691 4212 747 4288 ad
758 4213 839 4289 rra-L
854 4232 896 4286 ut
908 4215 979 4287 AG
998 4215 1045 4286 ad
1054 4239 1109 4313 ag,
1128 4215 1198 4290 hoc
1213 4217 1274 4307 est,
1291 4220 1416 4292 nanu
1431 4219 1475 4293 ad
1490 4219 1572 4293 aL.

740 4328 828 4402 Cor.
846 4329 896 4403 Η.
920 4329 962 4404 Si
989 4328 1133 4405 abseiffa
1149 4334 1222 4406 AL
1238 4333 1278 4406 fit
1306 4333 1455 4434 aequalia
1471 4353 1676 4434 parametro
1692 4333 1780 4421 AG,
1808 4333 1882 4406 erit¹
1893 4330 2048 4408 absciffa

696 4468 720 4515 a
736 4443 771 4516 L
787 4442 934 4543 aequalis
950 4466 1150 4542 parametro
1166 4473 1220 4546 ag.

743 4559 830 4632 Cor.
848 4559 914 4634 1-11.
939 4558 1171 4638 Manentibus
1193 4563 1267 4659 jam
1282 4564 1417 4664 posuis,
1443 4564 1659 4640 inducantur
1674 4560 1911 4659 dumquaevis
1935 4561 2051 4634 reuae

695 4671 776 4760 LB,
790 4673 868 4746 LD·
887 4696 1108 4771 occurrentes
1125 4701 1247 4752 curvae
1260 4681 1439 4778 parabolae
1451 4683 1546 4755 AM
1562 4683 1599 4755 in
1617 4682 1657 4767 B,
1672 4682 1719 4767 D,
1737 4701 1862 4772 curvae
1871 4699 1959 4748 vero
1979 4700 2050 4772 paa-

698 4789 831 4862 rabolae
846 4813 900 4863 am
917 4788 953 4862 in
966 4791 998 4878 b,
1010 4793 1044 4880 d,
1059 4811 1096 4865 et
1116 4772 1314 4894 jungantur
1326 4798 1406 4884 Bo,
1420 4797 1481 4881 bd3
1508 4815 1610 4869 erunt
1627 4796 1811 4893 segmenta
1838 4792 1960 4878 BAD,
1979 4789 2054 4862 Μ

698 4899 839 4978 mdia.
878 4903 982 4980 Nam
995 4901 1188 5005 segmento·
1204 4911 1314 4986 BAD·
1335 4909 1540 4988 inscribatur
1553 4911 1697 5012 quaevis
1718 4912 1832 5008 figura
1860 4904 2051 4980 reffllinea

1869 5023 2051 5111 BMND,
