5184 6600
912 994 1010 1109 De
1036 954 1360 1151 hyperbola.
1526 898 1541 910 ·
1692 1028 1802 1145 141

469 1213 568 1300 LM,
583 1211 720 1309 eritque
735 1215 816 1307 (per
833 1229 893 1302 47.
917 1234 948 1285 1.
965 1229 1002 1283 et
1019 1212 1053 1284 6.
1076 1210 1128 1296 2.)
1144 1206 1360 1306 quadratum
1378 1229 1423 1280 ex
1442 1206 1510 1280 LF
1534 1207 1671 1305 aequale
1694 1192 1808 1306 quad·
1863 1302 1867 1308 p

472 1344 550 1400 rato
566 1348 612 1400 ex
629 1326 738 1409 ΚΜ,
765 1341 803 1394 et
818 1323 967 1421 proinde
982 1325 1089 1397 redae
1104 1324 1170 1398 LF
1172 1320 1280 1407 ,ΚΜ
1297 1320 1463 1419 aequales.
1783 1328 1785 1330 ’

890 1681 990 1759 PR
1021 1682 1060 1759 Ο
1091 1680 1138 1758 Ρ.
1210 1679 1390 1758 xxxlr.

423 1989 425 1992 ,
472 1902 520 1984 δί
534 1929 561 1982 a·
575 1904 724 2014 pundo
742 1904 881 2011 quovis
900 1899 943 1981 in
971 1898 1095 1980 curvd
1117 1896 1348 2009 hyperbolae
1375 1895 1572 1979 ducantur
1590 1893 1676 1976 duae
1700 1896 1812 1976 redo

536 2025 585 2106 ad
604 2024 728 2120 focos,
759 2028 832 2106 erit
851 2024 1023 2134 ipsarum
1042 2020 1264 2132 differentia
1283 2021 1445 2129 aequalis
1464 2019 1528 2103 axi
1549 2016 1773 2099 transverso.

573 2263 878 2338 UCAN'FURn
898 2262 1032 2360 pundo
1057 2261 1185 2359 quovis
1208 2260 1225 2333 1
1252 2259 1288 2332 in
1307 2257 1415 2330 curud
1436 2256 1641 2355 hyperbolae
1665 2257 1713 2330 BI
1729 2255 1813 2329 duae
1842 2263 1920 2324 Fre.
1934 2262 1985 2330 ιι.

598 2376 703 2449 redae
718 2376 780 2462 IF,
800 2376 916 2449 lO2ad
930 2372 1029 2447 focos
1046 2373 1142 2457 F,.O
1152 2406 1162 2456 ς
1191 2373 1259 2444 erit
1282 2369 1434 2468 ipsarum
1452 2366 1650 2441 differentia
1667 2367 1813 2467 aequalis

477 2488 534 2560 axi
552 2489 745 2562 transverso
759 2491 835 2564 AB.
1254 2566 1258 2568 μ

480 2618 483 2623 ·
526 2602 692 2673 Ducatur
708 2602 763 2674 axi
782 2600 1059 2674 transversonu
1077 2599 1237 2672 ordinata
1254 2599 1317 2673 IE.
1359 2600 1551 2672 Ducuntur
1567 2599 1815 2697 contingenter

475 2714 609 2789 focales
626 2717 722 2804 HN,
740 2717 835 2803 MG,
862 2717 918 2789 axi
936 2714 1127 2787 transverso
1145 2714 1181 2787 in
1201 2716 1254 2802 H,
1279 2716 1338 2801 M,
1358 2715 1413 2787 axi
1432 2712 1623 2812 conjugato
1641 2713 1676 2786 in
1694 2715 1745 2801 N,
1763 2714 1813 2802 G,

474 2847 513 2903 et
529 2828 701 2903 ordinatae
718 2828 755 2902 in
773 2831 820 2916 L,
833 2831 868 2901 K
884 2848 1120 2904 occurrentes.
1161 2830 1212 2905 Et
1228 2830 1400 2928 quoniam
1417 2849 1458 2901 ut
1471 2832 1538 2903 CO
1553 2829 1597 2902 ad
1613 2820 1675 2903 CB
1692 2828 1742 2902 ita
1751 2830 1813 2901 CB

478 2941 525 3013 ad
547 2942 639 3029 CM,
662 2966 725 3039 per
749 2943 856 3039 Prop.
885 2964 942 3030 24.
961 2961 998 3014 et
1023 2942 1085 3015 CF
1111 2942 1156 3015 ad
1180 2946 1250 3017 AC
1273 2964 1314 3017 ut
1329 2947 1398 3017 AC
1415 2944 1460 3016 ad
1478 2945 1573 3028 CH,
1602 2961 1705 3015 erunt
1721 2943 1814 3029 CM,

479 3056 555 3128 CH
573 3058 740 3153 aequales,
753 3076 901 3155 propter
917 3058 1071 3155 aequales
1086 3059 1168 3145 CO,
1181 3059 1244 3131 CF
1256 3083 1320 3156 per
1333 3061 1419 3132 Cor.
1433 3060 1539 3157 Prop.
1561 3081 1621 3155 29,
1639 3076 1676 3130 et
1691 3082 1816 3154 aequa-

477 3173 530 3243 les
545 3172 618 3259 CB,
638 3173 721 3245 CA.
766 3175 887 3258 Porro,
906 3197 969 3271 per
986 3174 1069 3248 Cor.
1098 3176 1205 3271 Prop.
1234 3195 1293 3266 30.
1322 3176 1376 3272 (et
1401 3198 1456 3245 ax.
1484 3197 1516 3246 r.
1550 3171 1601 3266 r.)
1628 3169 1707 3243 sunt
1731 3170 1815 3257 GC,
1865 3259 1868 3261 v

480 3288 551 3361 CN
568 3285 747 3385 aequales,
773 3308 810 3360 et
826 3287 974 3385 proinde
998 3288 1079 3385 (per
1105 3307 1162 3382 ις.
1190 3306 1228 3358 et
1252 3313 1288 3377 4.
1320 3291 1368 3379 r.)
1396 3286 1517 3383 anguli
1543 3286 1672 3373 HNC,
1699 3285 1815 3359 MGC

481 3399 650 3496 aequaleo.
695 3400 817 3491 Quare
838 3400 954 3472 κᾶε·
966 3400 1059 3487 HN,
1077 3402 1159 3473 GM
1177 3407 1254 3493 (27.
1280 3401 1332 3496 r.)
1348 3401 1427 3475 sunt
1441 3400 1630 3499 parallelae.
1670 3399 1817 3487 Rursus,

481 3513 570 3599 GN,
588 3515 659 3586 KL
674 3513 752 3585 sunt
769 3513 946 3610 parallelae
961 3537 1024 3611 per
1037 3515 1119 3588 Cor.
1135 3536 1171 3608 3.
1188 3514 1296 3611 Prop.
1321 3541 1378 3606 14.
1395 3535 1430 3587 et
1443 3515 1524 3589 Cor.
1542 3516 1650 3613 Prop.
1667 3519 1724 3587 28.
1756 3512 1819 3585 Est

481 3626 590 3721 igitur
618 3627 689 3699 GL
716 3627 1099 3724 parallelogrammum,
1129 3646 1168 3698 et
1192 3628 1342 3726 proinde
1373 3628 1444 3700 LK
1476 3627 1623 3725 aequalis
1650 3627 1714 3724 ipsr
1742 3629 1818 3705 NG

483 3747 560 3832 (34.
586 3724 637 3830 r.)
655 3757 690 3809 et
712 3737 845 3811 idcirco
862 3738 918 3811 axi
944 3742 1010 3812 AB
1037 3740 1199 3838 aequalis,
1227 3764 1288 3838 per
1307 3744 1391 3814 Cor.
1410 3742 1517 3838 Prop.
1536 3763 1595 3833 30.
1640 3739 1710 3812 Sed
1726 3741 1819 3814 reda

480 3852 536 3925 10
553 3850 701 3947 aequalis
717 3853 766 3925 est
782 3841 885 3921 reukae
899 3852 981 3938 KE,
996 3854 1089 3925 rena
1105 3878 1192 3926 vero
1204 3856 1251 3927 IF
1268 3854 1417 3951 aequalis
1430 3856 1536 3927 redae
1548 3853 1616 3926 EL
1630 3878 1692 3951 per
1711 3854 1835 3951 Prop.·
1956 3941 1959 3948 ¹

483 3984 545 4056 3¹·
563 3980 598 4033 et
614 3961 762 4059 proinde
778 3961 976 4036 differentia
993 3967 1168 4038 redarum
1188 3968 1247 4056 IF,
1266 3972 1319 4043 10
1345 3970 1491 4066 aequalis
1517 3969 1599 4042 KL.
1627 3970 1725 4066 Ergo
1746 3965 1818 4040 dif-

469 4075 629 4167 ferentia
645 4078 817 4148 redarum
835 4078 897 4162 IF,
916 4079 970 4150 10
988 4079 1133 4175 aequalis
1151 4080 1199 4152 est
1215 4083 1269 4154 axi
1289 4081 1479 4155 transverso
1498 4084 1574 4155 AB.
1639 4084 1689 4181 Q
1707 4087 1749 4157 E.
1769 4087 1818 4157 D.

532 4193 615 4263 Cor.
632 4189 669 4262 si
688 4192 856 4287 apundo
873 4190 1000 4287 quovis
1018 4192 1049 4277 1,
1067 4191 1102 4264 in
1120 4195 1230 4266 curvd
1246 4194 1452 4291 hyperbolae
1470 4197 1531 4281 ΒΙ,
1549 4194 1725 4267 ducantur
1738 4196 1825 4267 duae

479 4303 588 4378 κᾶε
604 4304 665 4389 lF,
681 4304 735 4378 10
751 4302 796 4376 ad
813 4300 911 4376 focos
928 4305 971 4391 F,
990 4305 1051 4388 Ο,
1082 4308 1175 4379 reda
1192 4308 1260 4395 10,
1279 4307 1385 4380 duda
1401 4307 1492 4379 intra
1509 4307 1740 4405 hyperbolum
1755 4308 1836 4398 ΒΙ,,

482 4421 554 4494 und
569 4442 654 4494 cum
672 4419 860 4499 transuerso
877 4443 941 4497 axe
955 4420 1023 4495 AB
1040 4417 1267 4521 eritaequalis
1284 4420 1385 4496 alteri
1397 4421 1508 4496 κάκ
1526 4420 1601 4496 lF..

1641 4897 1823 4974 PROH
