5184 6600
797 981 878 1103 66
1048 976 1339 1102 Scortumn
1369 982 1678 1103 Conicarum
1713 987 1796 1102 L1
1811 1018 1860 1106 Β.
1890 991 1964 1105 ΙΙ.

795 1206 903 1281 resiae
919 1203 1003 1292 EG,
1029 1222 1065 1280 et
1074 1206 1224 1304 proinde
1239 1230 1304 1307 per
1316 1207 1423 1304 Prop.
1440 1230 1500 1280 αι.
1527 1225 1654 1305 quarta
1669 1200 1956 1305 pars'parametri
1973 1208 2141 1285 diametri

847 1437 933 1512 Cor.
950 1436 979 1509 1.
1006 1438 1063 1510 Ex
1080 1437 1146 1509 hac
1163 1454 1200 1511 et
1217 1436 1326 1535 Prop.
1349 1462 1404 1536 ¹9·
1430 1453 1540 1535 patet,
1566 1436 1666 1534 quod
1682 1435 1844 1512 distantia
1860 1439 2003 1513 verticis
2020 1437 2139 1537 cujus-

796 1547 884 1624 libet
894 1550 1057 1626 diametri
1071 1577 1091 1624 a
1103 1551 1296 1640 direttrice,
1307 1570 1435 1650 quarta
1443 1575 1522 1651 pars
1537 1549 1586 1623 est
1596 1552 1785 1647 parametri
1796 1552 2137 1652 ejusdemdiametri.

848 1665 934 1740 Cor.
955 1665 1002 1754 ΙΙ.
1030 1665 1159 1740 Iisdem
1187 1665 1425 1755 manentibus,
1467 1683 1665 1763 parameter
1695 1664 1858 1742 diametri
1888 1669 1968 1742 AH
2002 1666 2142 1739 excedit

751 1850 760 1860 .
797 1801 1038 1882 patametrum
1066 1782 1140 1857 axis
1165 1782 1366 1883 quadrupli
1394 1782 1546 1856 abscissae
1575 1784 1652 1860 BD.
1698 1784 1798 1858 Nam
1824 1785 1890 1883 per
1918 1783 2002 1856 Cor.
2030 1782 2138 1879 Prop.

802 1921 861 1993 ¹9·
887 1894 1028 1969 abscissa
1045 1897 1112 1969 BD
1125 1920 1297 1971 unacum
1314 1897 1376 1971 BF
1393 1896 1541 1996 aequalis
1557 1895 1605 1969 est
1622 1897 1702 1984 AF,
1730 1896 1799 1970 hoc
1814 1897 1865 1970 est
1888 1915 2024 1995 quartae
2046 1894 2142 1993 parti

668 2047 669 2054 ¹
796 2009 988 2110 parametri
1006 2011 1169 2084 diametri
1197 2012 1289 2086 AH.
1341 2014 1463 2111 Qare
1488 2011 1686 2109 quadrupla
1708 2010 1773 2082 BD
1792 2014 1863 2083 una
1883 2034 1966 2083 cum
1984 2010 2140 2107 quadru-

628 2203 643 2243 ι
797 2124 859 2222 pla
873 2126 934 2199 BF
950 2126 1100 2225 aequalis
1114 2124 1164 2200 est
1176 2144 1377 2226 patametro
1390 2124 1551 2200 diametri
1565 2124 1670 2209 AH.
1698 2142 1736 2196 et
1751 2150 1816 2223 per
1826 2120 1909 2200 Des.
1930 2148 1964 2224 9.
1984 2123 2143 2223 quadru-

797 2240 859 2337 pla
873 2238 935 2313 BF
951 2238 1100 2340 aequalia
1116 2238 1166 2315 est
1180 2260 1385 2342 parametro
1401 2240 1486 2318 axis.
1536 2240 1636 2344 Ergo
1647 2238 1733 2316 Cor.
1749 2259 1861 2339 patet.

1233 2567 1265 2648 r
1296 2506 1406 2647 a'o
1437 2566 1483 2649 Ρ.
1534 2566 1694 2650 xxm.

795 2796 911 2879 Datis
937 2798 1129 2909 positione
1151 2814 1191 2880 et
1225 2796 1501 2907 magnitudine
1529 2796 1681 2879 duabus
1707 2797 1837 2894 restis,
1868 2826 2036 2910 quarum
2060 2826 2143 2880 una

818 2937 822 2944 ’
856 2920 906 3001 ab
925 2920 1045 3003 alteri
1063 2918 1244 3002 bifariam
1265 2918 1428 3016 secatur,
1454 2919 1637 3030 parabola
1654 2919 1819 3002 describi
1839 2922 1981 3033 potest,
1999 2925 2039 3004 in
2059 2950 2142 3033 qua

850 3045 954 3126 resta
973 3044 1134 3126 alteram
1155 3041 1340 3127 bifariam
1372 3043 1504 3125 secans
1533 3044 1608 3125 erit
1628 3042 1813 3127 diametri
1832 3045 2003 3141 abscissa,
2033 3050 2138 3127 tetta

856 3192 947 3248 vero
967 3165 1147 3248 bifariam
1169 3164 1383 3249 retrahite
1403 3167 1596 3249 diametro
1615 3165 1735 3277 dupla
1752 3166 1943 3252 ordinata.

641 3444 652 3484 r
705 3444 721 3484 2
747 3466 755 3482 ,
861 3393 957 3470 INT
970 3392 1063 3465 datae
1077 3390 1158 3464 duae
1171 3393 1280 3466 resta:
1292 3391 1378 3481 DF,
1387 3391 1465 3481 BE,
1476 3416 1629 3489 quarum
1641 3392 1711 3467 DF
1722 3390 1886 3468 bifariam
1902 3391 1994 3469 secat
2004 3396 2141 3470 restam.

885 3505 948 3580 BE
962 3506 1000 3579 irr
1016 3505 1151 3603 punfto
1169 3507 1197 3579 F
1208 3539 1221 3592 t
1252 3506 1423 3605 parabola
1443 3504 1593 3581 describi
1616 3506 1744 3606 potest,
1770 3507 1871 3608 cujus
1891 3510 1958 3583 erit
1982 3510 2050 3585 DF
2068 3512 2133 3584 ab·

794 3618 891 3695 sciffa
906 3620 1083 3707 diametri,
1109 3620 1205 3695 reeta
1217 3643 1305 3693 vero
1321 3620 1384 3697 BE
1397 3620 1485 3694 huic·
1497 3619 1673 3696 diametro
1689 3615 1800 3723 dupla
1815 3624 1989 3699 ordinata.

845 3739 945 3812 Nam
961 3761 1025 3836 per
1037 3737 1169 3811 restam
1182 3735 1246 3810 BE
1258 3733 1407 3810 transeat
1419 3737 1570 3837 planum
1584 3736 1738 3837 quodvis
1757 3762 1777 3809 a
1786 3738 1894 3836 plano
1906 3738 2136 3813 DBEdirer-

795 3850 895 3940 sum;
921 3852 1017 3926 etin
1044 3852 1113 3925 hoc
1141 3852 1251 3953 plano
1280 3849 1497 3926 describatur
1523 3851 1678 3926 circulus
1705 3848 1842 3926 ABCE
1871 3849 1966 3923 circa
1997 3850 2134 3924 diame-

794 3988 891 4042 trum
926 3970 1002 4043 BE.
1053 3967 1216 4042 Ducatur
1249 3965 1423 4040 diameter
1455 3967 1524 4040 Ac
1558 3965 1737 4040 diametro
1768 3965 1833 4039 BE
1865 3963 2138 4064 perpendicula·

793 4081 852 4154 ris.
903 4083 970 4156 Per
991 4080 1103 4153 restas
1126 4082 1206 4170 DF,
1222 4082 1287 4154 AC
1311 4080 1462 4157 transeat
1483 4081 1645 4180 planum,
1670 4100 1707 4152 ct
1731 4080 1768 4153 in
1791 4103 1835 4152 eo
1865 4078 2015 4152 ducatur
2040 4081 2142 4153 resta

795 4194 919 4286 ADV,
932 4194 1089 4291 itemque
1107 4191 1200 4266 resia
1216 4192 1284 4265 CV
1301 4191 1363 4290 ipsa
1381 4193 1449 4265 DF
1466 4192 1632 4291 parallela
1648 4210 1685 4265 et
1697 4214 1886 4266 occurrens
1902 4192 2007 4266 rectae
2021 4192 2134 4265 Auv

794 4306 831 4379 in
846 4308 981 4411 puncto
997 4310 1042 4382 V.
1082 4306 1251 4405 Denique
1267 4304 1487 4382 describatur
1506 4332 1617 4382 conus
1628 4308 1813 4393 VABCE,
1838 4302 1938 4405 cujus
1954 4324 2077 4380 vertex
2094 4304 2137 4378 sat

793 4412 828 4493 V
845 4442 882 4496 et
899 4422 994 4498 basis.
1006 4421 1152 4510 ABCE,
1165 4440 1207 4494 ut
1222 4421 1259 4495 in
1274 4420 1359 4495 Des.
1381 4448 1411 4496 r.
1429 4422 1520 4497 Lib.
1539 4447 1576 4512 ις
1594 4441 1631 4497 et
1640 4421 1747 4497 festio
1761 4422 1862 4498 DBE
1876 4421 1943 4495 crit
1953 4418 2135 4519 parabola,

793 4558 902 4632 quam
918 4535 1104 4632 oportebat
1121 4531 1328 4609 describere.

843 4649 956 4720 Reda
972 4649 1067 4724 enim
1084 4651 1149 4726 CG
1170 4650 1276 4723 ducta
1288 4676 1353 4749 per
1367 4652 1542 4750 parastum
1556 4653 1588 4727 C
1601 4673 1637 4727 et
1650 4652 1713 4752 ipsa
1731 4651 1794 4727 BE
1805 4649 1976 4748 parallela
1993 4645 2147 4742 contin·-

793 4781 855 4858 get
868 4761 1040 4836 circulum
1053 4763 1281 4862 inpunftoC
1301 4768 1381 4867 (29.
1401 4791 1431 4840 1.
1445 4787 1482 4841 et
1495 4768 1578 4841 Cor.
1599 4769 1656 4842 16.
1676 4764 1972 4864 3.)quoniamest
1983 4761 2138 4858 anguina

791 4876 888 4953 EFC
904 4879 1030 4956 aeaut
1080 4879 1373 4978 Itaquepiauum
1390 4904 1456 4978 per
1472 4881 1584 4958 restas
1608 4880 1689 4970 VC,
1701 4881 1769 4958 CG
1795 4878 1969 4957 transeut,
1987 4874 2137 4974 superfi-

1485 5047 1495 5067 -,
2039 5010 2135 5065 clem
