<?xml version="1.0" encoding="UTF-8"?>
<!DOCTYPE html PUBLIC "-//W3C//DTD XHTML 1.0 Transitional//EN"
    "http://www.w3.org/TR/xhtml1/DTD/xhtml1-transitional.dtd">
<html xmlns="http://www.w3.org/1999/xhtml" xml:lang="en" lang="en">
 <head>
  <title>
</title>
<meta http-equiv="Content-Type" content="text/html;charset=utf-8" />
  <meta name='ocr-system' content='tesseract 3.04.00' />
  <meta name='ocr-capabilities' content='ocr_page ocr_carea ocr_par ocr_line ocrx_word'/>
</head>
<body>
  <div class='ocr_page' id='page_1' title='image "./sectionumconica00robegoog_0437.png"; bbox 0 0 5184 6600; ppageno 0'>
   <div class='ocr_carea' id='block_1_1' title="bbox 825 863 2088 1088">
    <p class='ocr_par' dir='ltr' id='par_1_1' title="bbox 825 863 2088 1088">
     <span class='ocr_line' id='line_1_1' title="bbox 825 863 2088 1088; baseline -0.008 -37"><span class='ocrx_word' id='word_1_1' title='bbox 825 971 947 1088; x_wconf 79' lang='lat'>370</span> <span class='ocrx_word' id='word_1_2' title='bbox 1006 935 1105 1051; x_wconf 89' lang='lat' dir='ltr'>De</span> <span class='ocrx_word' id='word_1_3' title='bbox 1129 925 1419 1049; x_wconf 70' lang='lat' dir='ltr'>Sehiiormm</span> <span class='ocrx_word' id='word_1_4' title='bbox 1450 924 1760 1044; x_wconf 83' lang='lat' dir='ltr'>Com&#39;earum</span> <span class='ocrx_word' id='word_1_5' title='bbox 1787 863 2088 1069; x_wconf 69' lang='lat' dir='ltr'>Dahirirm,</span> 
     </span>
    </p>
   </div>
   <div class='ocr_carea' id='block_1_2' title="bbox 600 1175 2174 1301">
    <p class='ocr_par' dir='ltr' id='par_1_2' title="bbox 600 1175 2174 1301">
     <span class='ocr_line' id='line_1_2' title="bbox 600 1175 2174 1301; baseline -0.008 -27"><span class='ocrx_word' id='word_1_6' title='bbox 600 1204 605 1220; x_wconf 84' lang='lat'><strong><em>‘</em></strong></span> <span class='ocrx_word' id='word_1_7' title='bbox 644 1223 787 1273; x_wconf 72' lang='lat' dir='ltr'>tecno-</span> <span class='ocrx_word' id='word_1_8' title='bbox 888 1189 1028 1301; x_wconf 82' lang='lat' dir='ltr'>Qoad</span> <span class='ocrx_word' id='word_1_9' title='bbox 1048 1181 1220 1299; x_wconf 72' lang='lat' dir='ltr'>Ellrpst’m</span> <span class='ocrx_word' id='word_1_10' title='bbox 1245 1190 1378 1281; x_wconf 86' lang='lat' dir='ltr'>etiam,</span> <span class='ocrx_word' id='word_1_11' title='bbox 1408 1188 1594 1267; x_wconf 90' lang='lat' dir='ltr'>rationem</span> <span class='ocrx_word' id='word_1_12' title='bbox 1614 1181 1856 1265; x_wconf 83' lang='lat' dir='ltr'><em>Archimedes</em></span> <span class='ocrx_word' id='word_1_13' title='bbox 1874 1175 2090 1263; x_wconf 81' lang='lat' dir='ltr'>luculenter</span> <span class='ocrx_word' id='word_1_14' title='bbox 2103 1208 2174 1261; x_wconf 86' lang='lat' dir='ltr'>ex-</span> 
     </span>
    </p>
   </div>
   <div class='ocr_carea' id='block_1_3' title="bbox 680 1307 758 1345">
    <p class='ocr_par' dir='ltr' id='par_1_3' title="bbox 680 1307 758 1345">
     <span class='ocr_line' id='line_1_3' title="bbox 680 1307 758 1345; baseline 0 0"><span class='ocrx_word' id='word_1_15' title='bbox 680 1307 758 1345; x_wconf 74' lang='lat' dir='ltr'>NUM</span> 
     </span>
    </p>
   </div>
   <div class='ocr_carea' id='block_1_4' title="bbox 585 1390 2178 1577">
    <p class='ocr_par' dir='ltr' id='par_1_4' title="bbox 585 1390 2178 1577">
     <span class='ocr_line' id='line_1_4' title="bbox 585 1390 768 1426; baseline 0.033 -14"><span class='ocrx_word' id='word_1_16' title='bbox 585 1405 590 1412; x_wconf 88' lang='lat'>.</span> <span class='ocrx_word' id='word_1_17' title='bbox 706 1390 768 1426; x_wconf 64' lang='lat' dir='ltr'>ur-</span> 
     </span>
     <span class='ocr_line' id='line_1_5' title="bbox 647 1390 2178 1577; baseline 0 -34"><span class='ocrx_word' id='word_1_18' title='bbox 647 1390 788 1509; x_wconf 44' lang='lat' dir='ltr'>”ffiw</span> <span class='ocrx_word' id='word_1_19' title='bbox 828 1489 874 1548; x_wconf 92' lang='lat' dir='ltr'>ut</span> <span class='ocrx_word' id='word_1_20' title='bbox 903 1468 1088 1549; x_wconf 88' lang='lat' dir='ltr'>diametro</span> <span class='ocrx_word' id='word_1_21' title='bbox 1121 1468 1403 1577; x_wconf 57' lang='lat' dir='ltr'>descriptum,</span> <span class='ocrx_word' id='word_1_22' title='bbox 1446 1494 1559 1576; x_wconf 91' lang='lat' dir='ltr'>porro</span> <span class='ocrx_word' id='word_1_23' title='bbox 1582 1486 1621 1545; x_wconf 91' lang='lat' dir='ltr'>et</span> <span class='ocrx_word' id='word_1_24' title='bbox 1649 1465 1746 1545; x_wconf 90' lang='lat' dir='ltr'>illud</span> <span class='ocrx_word' id='word_1_25' title='bbox 1774 1465 1953 1556; x_wconf 90' lang='lat' dir='ltr'>ostendit,</span> <span class='ocrx_word' id='word_1_26' title='bbox 1983 1462 2178 1543; x_wconf 62' lang='lat' dir='ltr'>cuculum</span> 
     </span>
    </p>
   </div>
   <div class='ocr_carea' id='block_1_5' title="bbox 700 1553 757 1592">
    <p class='ocr_par' dir='ltr' id='par_1_5' title="bbox 700 1553 757 1592">
     <span class='ocr_line' id='line_1_6' title="bbox 700 1553 757 1592; baseline 0.053 -3"><span class='ocrx_word' id='word_1_27' title='bbox 700 1553 757 1592; x_wconf 74' lang='lat' dir='ltr'>RA-</span> 
     </span>
    </p>
   </div>
   <div class='ocr_carea' id='block_1_6' title="bbox 826 1322 2174 1439">
    <p class='ocr_par' dir='ltr' id='par_1_6' title="bbox 826 1322 2174 1439">
     <span class='ocr_line' id='line_1_7' title="bbox 826 1322 2174 1439; baseline -0.006 -30"><span class='ocrx_word' id='word_1_28' title='bbox 826 1329 966 1439; x_wconf 90' lang='lat' dir='ltr'>posuit,</span> <span class='ocrx_word' id='word_1_29' title='bbox 997 1358 1082 1437; x_wconf 87' lang='lat' dir='ltr'>quae</span> <span class='ocrx_word' id='word_1_30' title='bbox 1107 1331 1206 1409; x_wconf 92' lang='lat' dir='ltr'>inter</span> <span class='ocrx_word' id='word_1_31' title='bbox 1228 1328 1349 1438; x_wconf 83' lang='lat' dir='ltr'>ipsam</span> <span class='ocrx_word' id='word_1_32' title='bbox 1368 1327 1438 1420; x_wconf 89' lang='lat' dir='ltr'>est,</span> <span class='ocrx_word' id='word_1_33' title='bbox 1468 1346 1508 1407; x_wconf 91' lang='lat' dir='ltr'>et</span> <span class='ocrx_word' id='word_1_34' title='bbox 1527 1326 1706 1406; x_wconf 86' lang='lat' dir='ltr'>circulum</span> <span class='ocrx_word' id='word_1_35' title='bbox 1731 1352 1800 1404; x_wconf 84' lang='lat' dir='ltr'>axe</span> <span class='ocrx_word' id='word_1_36' title='bbox 1825 1324 1925 1404; x_wconf 90' lang='lat' dir='ltr'>illius</span> <span class='ocrx_word' id='word_1_37' title='bbox 1952 1322 2174 1414; x_wconf 87' lang='lat' dir='ltr'>transverso,</span> 
     </span>
    </p>
   </div>
   <div class='ocr_carea' id='block_1_7' title="bbox 821 1605 2180 3677">
    <p class='ocr_par' dir='ltr' id='par_1_7' title="bbox 821 1605 2180 3677">
     <span class='ocr_line' id='line_1_8' title="bbox 824 1605 2175 1718; baseline -0.001 -30"><span class='ocrx_word' id='word_1_38' title='bbox 824 1609 1017 1716; x_wconf 84' lang='lat' dir='ltr'>triangulo</span> <span class='ocrx_word' id='word_1_39' title='bbox 1046 1610 1265 1717; x_wconf 68' lang='lat' dir='ltr'>reetangulo</span> <span class='ocrx_word' id='word_1_40' title='bbox 1295 1608 1487 1718; x_wconf 87' lang='lat' dir='ltr'>aequalem</span> <span class='ocrx_word' id='word_1_41' title='bbox 1507 1607 1594 1701; x_wconf 81' lang='lat' dir='ltr'>effe,</span> <span class='ocrx_word' id='word_1_42' title='bbox 1624 1608 1735 1714; x_wconf 89' lang='lat' dir='ltr'>cujus</span> <span class='ocrx_word' id='word_1_43' title='bbox 1762 1605 1880 1686; x_wconf 87' lang='lat' dir='ltr'>latera</span> <span class='ocrx_word' id='word_1_44' title='bbox 1906 1633 1992 1713; x_wconf 85' lang='lat' dir='ltr'>quae</span> <span class='ocrx_word' id='word_1_45' title='bbox 2025 1608 2175 1686; x_wconf 72' lang='lat' dir='ltr'>retum</span> 
     </span>
     <span class='ocr_line' id='line_1_9' title="bbox 824 1745 2173 1860; baseline 0 -34"><span class='ocrx_word' id='word_1_46' title='bbox 824 1749 1011 1856; x_wconf 84' lang='lat' dir='ltr'>angulum</span> <span class='ocrx_word' id='word_1_47' title='bbox 1037 1749 1386 1860; x_wconf 89' lang='lat' dir='ltr'>comprehendunt,</span> <span class='ocrx_word' id='word_1_48' title='bbox 1417 1747 1574 1857; x_wconf 86' lang='lat' dir='ltr'>aequalia</span> <span class='ocrx_word' id='word_1_49' title='bbox 1603 1746 1677 1828; x_wconf 76' lang='lat' dir='ltr'>sint</span> <span class='ocrx_word' id='word_1_50' title='bbox 1703 1745 1839 1827; x_wconf 88' lang='lat' dir='ltr'>circuli</span> <span class='ocrx_word' id='word_1_51' title='bbox 1864 1746 1968 1826; x_wconf 85' lang='lat' dir='ltr'>radio</span> <span class='ocrx_word' id='word_1_52' title='bbox 1992 1747 2173 1842; x_wconf 88' lang='lat' dir='ltr'>alterum,</span> 
     </span>
     <span class='ocr_line' id='line_1_10' title="bbox 823 1884 2180 1999; baseline -0.007 -32"><span class='ocrx_word' id='word_1_53' title='bbox 823 1890 988 1969; x_wconf 89' lang='lat' dir='ltr'>alterum</span> <span class='ocrx_word' id='word_1_54' title='bbox 1007 1909 1135 1970; x_wconf 89' lang='lat' dir='ltr'>autem</span> <span class='ocrx_word' id='word_1_55' title='bbox 1162 1892 1277 1999; x_wconf 86' lang='lat' dir='ltr'>ipfius</span> <span class='ocrx_word' id='word_1_56' title='bbox 1296 1886 1627 1971; x_wconf 80' lang='lat' dir='ltr'>circumferentiae.</span> <span class='ocrx_word' id='word_1_57' title='bbox 1672 1887 1847 1966; x_wconf 89' lang='lat' dir='ltr'>Omnino</span> <span class='ocrx_word' id='word_1_58' title='bbox 1873 1887 2003 1994; x_wconf 88' lang='lat' dir='ltr'>itaque</span> <span class='ocrx_word' id='word_1_59' title='bbox 2023 1884 2180 1966; x_wconf 32' lang='lat' dir='ltr'><em>Archi-1</em></span> 
     </span>
     <span class='ocr_line' id='line_1_11' title="bbox 823 2026 2179 2139; baseline -0.005 -30"><span class='ocrx_word' id='word_1_60' title='bbox 823 2029 933 2109; x_wconf 67' lang='lat' dir='ltr'>medei</span> <span class='ocrx_word' id='word_1_61' title='bbox 964 2047 1073 2110; x_wconf 85' lang='lat' dir='ltr'>atate</span> <span class='ocrx_word' id='word_1_62' title='bbox 1103 2032 1366 2112; x_wconf 85' lang='lat' dir='ltr'>existimatum</span> <span class='ocrx_word' id='word_1_63' title='bbox 1399 2031 1468 2122; x_wconf 88' lang='lat' dir='ltr'>est,</span> <span class='ocrx_word' id='word_1_64' title='bbox 1496 2028 1544 2109; x_wconf 91' lang='lat' dir='ltr'>ad</span> <span class='ocrx_word' id='word_1_65' title='bbox 1570 2028 1744 2139; x_wconf 67' lang='lat' dir='ltr'>Ellipst’os</span> <span class='ocrx_word' id='word_1_66' title='bbox 1775 2026 2044 2135; x_wconf 83' lang='lat' dir='ltr'>quadraturam</span> <span class='ocrx_word' id='word_1_67' title='bbox 2075 2048 2179 2133; x_wconf 60' lang='lat' dir='ltr'>opus&gt;</span> 
     </span>
     <span class='ocr_line' id='line_1_12' title="bbox 823 2163 2176 2279; baseline -0.004 -32"><span class='ocrx_word' id='word_1_68' title='bbox 823 2167 896 2247; x_wconf 83' lang='lat' dir='ltr'>effe</span> <span class='ocrx_word' id='word_1_69' title='bbox 926 2188 972 2249; x_wconf 95' lang='lat' dir='ltr'>ut</span> <span class='ocrx_word' id='word_1_70' title='bbox 987 2172 1124 2253; x_wconf 83' lang='lat' dir='ltr'>circuli</span> <span class='ocrx_word' id='word_1_71' title='bbox 1140 2173 1227 2253; x_wconf 91' lang='lat' dir='ltr'>data</span> <span class='ocrx_word' id='word_1_72' title='bbox 1246 2171 1338 2252; x_wconf 73' lang='lat' dir='ltr'>esset</span> <span class='ocrx_word' id='word_1_73' title='bbox 1357 2170 1597 2279; x_wconf 77' lang='lat' dir='ltr'>quadratura,</span> <span class='ocrx_word' id='word_1_74' title='bbox 1627 2168 1702 2247; x_wconf 80' lang='lat' dir='ltr'>five</span> <span class='ocrx_word' id='word_1_75' title='bbox 1717 2184 1762 2246; x_wconf 92' lang='lat' dir='ltr'>ut</span> <span class='ocrx_word' id='word_1_76' title='bbox 1780 2167 1891 2245; x_wconf 84' lang='lat' dir='ltr'>aliter</span> <span class='ocrx_word' id='word_1_77' title='bbox 1907 2165 2050 2255; x_wconf 87' lang='lat' dir='ltr'>dicam,</span> <span class='ocrx_word' id='word_1_78' title='bbox 2071 2183 2117 2242; x_wconf 91' lang='lat' dir='ltr'>ut</span> <span class='ocrx_word' id='word_1_79' title='bbox 2136 2163 2176 2242; x_wconf 91' lang='lat' dir='ltr'>in</span> 
     </span>
     <span class='ocr_line' id='line_1_13' title="bbox 825 2303 2173 2416; baseline -0.002 -30"><span class='ocrx_word' id='word_1_80' title='bbox 825 2309 972 2386; x_wconf 88' lang='lat' dir='ltr'>circulo</span> <span class='ocrx_word' id='word_1_81' title='bbox 1007 2311 1209 2402; x_wconf 85' lang='lat' dir='ltr'>constaret,</span> <span class='ocrx_word' id='word_1_82' title='bbox 1244 2337 1421 2416; x_wconf 76' lang='lat' dir='ltr'>quanam</span> <span class='ocrx_word' id='word_1_83' title='bbox 1456 2307 1544 2388; x_wconf 90' lang='lat' dir='ltr'>esset</span> <span class='ocrx_word' id='word_1_84' title='bbox 1578 2305 1754 2386; x_wconf 79' lang='lat' dir='ltr'>diametri</span> <span class='ocrx_word' id='word_1_85' title='bbox 1781 2306 1856 2411; x_wconf 82' lang='lat' dir='ltr'>ejm</span> <span class='ocrx_word' id='word_1_86' title='bbox 1885 2307 1981 2384; x_wconf 92' lang='lat' dir='ltr'>ratio</span> <span class='ocrx_word' id='word_1_87' title='bbox 2013 2304 2062 2383; x_wconf 88' lang='lat' dir='ltr'>ad</span> <span class='ocrx_word' id='word_1_88' title='bbox 2094 2303 2173 2383; x_wconf 88' lang='lat' dir='ltr'>eir·</span> 
     </span>
     <span class='ocr_line' id='line_1_14' title="bbox 825 2444 2176 2558; baseline -0.001 -33"><span class='ocrx_word' id='word_1_89' title='bbox 825 2446 1115 2553; x_wconf 85' lang='lat' dir='ltr'>eumseemtiam.</span> <span class='ocrx_word' id='word_1_90' title='bbox 1182 2449 1293 2558; x_wconf 82' lang='lat' dir='ltr'>Qin</span> <span class='ocrx_word' id='word_1_91' title='bbox 1330 2467 1370 2528; x_wconf 93' lang='lat' dir='ltr'>et</span> <span class='ocrx_word' id='word_1_92' title='bbox 1410 2467 1499 2526; x_wconf 86' lang='lat' dir='ltr'>ante</span> <span class='ocrx_word' id='word_1_93' title='bbox 1538 2444 1771 2528; x_wconf 85' lang='lat' dir='ltr'><em>Archimedis</em></span> <span class='ocrx_word' id='word_1_94' title='bbox 1806 2463 1993 2554; x_wconf 88' lang='lat' dir='ltr'>tempora,</span> <span class='ocrx_word' id='word_1_95' title='bbox 2044 2460 2091 2523; x_wconf 92' lang='lat' dir='ltr'>ut</span> <span class='ocrx_word' id='word_1_96' title='bbox 2126 2471 2176 2524; x_wconf 85' lang='lat' dir='ltr'>ex</span> 
     </span>
     <span class='ocr_line' id='line_1_15' title="bbox 826 2583 2174 2696; baseline -0.001 -31"><span class='ocrx_word' id='word_1_97' title='bbox 826 2588 994 2665; x_wconf 90' lang='lat' dir='ltr'>Eutocio</span> <span class='ocrx_word' id='word_1_98' title='bbox 1019 2605 1140 2696; x_wconf 87' lang='lat' dir='ltr'>patet,</span> <span class='ocrx_word' id='word_1_99' title='bbox 1171 2585 1288 2666; x_wconf 92' lang='lat' dir='ltr'>multi</span> <span class='ocrx_word' id='word_1_100' title='bbox 1306 2586 1347 2666; x_wconf 90' lang='lat' dir='ltr'>in</span> <span class='ocrx_word' id='word_1_101' title='bbox 1372 2589 1516 2666; x_wconf 91' lang='lat' dir='ltr'>ratione</span> <span class='ocrx_word' id='word_1_102' title='bbox 1544 2583 1616 2666; x_wconf 89' lang='lat' dir='ltr'>hac</span> <span class='ocrx_word' id='word_1_103' title='bbox 1646 2584 1858 2693; x_wconf 85' lang='lat' dir='ltr'>indaganda</span> <span class='ocrx_word' id='word_1_104' title='bbox 1878 2613 2003 2693; x_wconf 90' lang='lat' dir='ltr'>neque</span> <span class='ocrx_word' id='word_1_105' title='bbox 2022 2583 2174 2665; x_wconf 91' lang='lat' dir='ltr'>medio·</span> 
     </span>
     <span class='ocr_line' id='line_1_16' title="bbox 825 2723 2175 2833; baseline 0 -27"><span class='ocrx_word' id='word_1_106' title='bbox 825 2727 939 2806; x_wconf 91' lang='lat' dir='ltr'>criter</span> <span class='ocrx_word' id='word_1_107' title='bbox 956 2726 993 2805; x_wconf 91' lang='lat' dir='ltr'>se</span> <span class='ocrx_word' id='word_1_108' title='bbox 1013 2744 1260 2807; x_wconf 83' lang='lat' dir='ltr'>exercuerant</span> <span class='ocrx_word' id='word_1_109' title='bbox 1271 2762 1285 2819; x_wconf 78' lang='lat'>3</span> <span class='ocrx_word' id='word_1_110' title='bbox 1317 2755 1403 2833; x_wconf 84' lang='lat' dir='ltr'>quae</span> <span class='ocrx_word' id='word_1_111' title='bbox 1423 2725 1498 2804; x_wconf 87' lang='lat' dir='ltr'>illis</span> <span class='ocrx_word' id='word_1_112' title='bbox 1518 2723 1672 2806; x_wconf 84' lang='lat' dir='ltr'>fortuna</span> <span class='ocrx_word' id='word_1_113' title='bbox 1691 2729 1833 2819; x_wconf 90' lang='lat' dir='ltr'>evenit,</span> <span class='ocrx_word' id='word_1_114' title='bbox 1864 2754 1979 2806; x_wconf 91' lang='lat' dir='ltr'>nemo</span> <span class='ocrx_word' id='word_1_115' title='bbox 1997 2728 2175 2807; x_wconf 89' lang='lat' dir='ltr'>omnium</span> 
     </span>
     <span class='ocr_line' id='line_1_17' title="bbox 825 2863 2174 2975; baseline -0.001 -31"><span class='ocrx_word' id='word_1_116' title='bbox 825 2891 911 2945; x_wconf 89' lang='lat' dir='ltr'>eam</span> <span class='ocrx_word' id='word_1_117' title='bbox 931 2885 1011 2946; x_wconf 91' lang='lat' dir='ltr'>tam</span> <span class='ocrx_word' id='word_1_118' title='bbox 1032 2894 1152 2975; x_wconf 90' lang='lat' dir='ltr'>prope</span> <span class='ocrx_word' id='word_1_119' title='bbox 1173 2864 1398 2946; x_wconf 90' lang='lat' dir='ltr'>consecutus</span> <span class='ocrx_word' id='word_1_120' title='bbox 1424 2865 1493 2956; x_wconf 89' lang='lat' dir='ltr'>est,</span> <span class='ocrx_word' id='word_1_121' title='bbox 1522 2882 1568 2944; x_wconf 90' lang='lat' dir='ltr'>ut</span> <span class='ocrx_word' id='word_1_122' title='bbox 1594 2863 1688 2973; x_wconf 89' lang='lat' dir='ltr'>ipse,</span> <span class='ocrx_word' id='word_1_123' title='bbox 1718 2864 1788 2943; x_wconf 94' lang='lat' dir='ltr'>ubi</span> <span class='ocrx_word' id='word_1_124' title='bbox 1808 2865 1849 2942; x_wconf 94' lang='lat' dir='ltr'>in</span> <span class='ocrx_word' id='word_1_125' title='bbox 1868 2863 1999 2943; x_wconf 88' lang='lat' dir='ltr'>iisdem</span> <span class='ocrx_word' id='word_1_126' title='bbox 2019 2863 2174 2972; x_wconf 90' lang='lat' dir='ltr'>pericli-</span> 
     </span>
     <span class='ocr_line' id='line_1_18' title="bbox 823 2980 2176 3117; baseline 0.003 -33"><span class='ocrx_word' id='word_1_127' title='bbox 823 3006 1010 3086; x_wconf 90' lang='lat' dir='ltr'>tationem</span> <span class='ocrx_word' id='word_1_128' title='bbox 1028 3005 1182 3098; x_wconf 85' lang='lat' dir='ltr'>fecerat,</span> <span class='ocrx_word' id='word_1_129' title='bbox 1209 3005 1464 3088; x_wconf 77' lang='lat' dir='ltr'><em>Archimedes.</em></span> <span class='ocrx_word' id='word_1_130' title='bbox 1513 3012 1614 3117; x_wconf 81' lang='lat' dir='ltr'>Qae</span> <span class='ocrx_word' id='word_1_131' title='bbox 1638 3007 1779 3086; x_wconf 78' lang='lat' dir='ltr'>interea</span> <span class='ocrx_word' id='word_1_132' title='bbox 1806 3033 1878 3115; x_wconf 90' lang='lat' dir='ltr'>pro</span> <span class='ocrx_word' id='word_1_133' title='bbox 1902 2980 2046 3086; x_wconf 90' lang='lat' dir='ltr'>ratione</span> <span class='ocrx_word' id='word_1_134' title='bbox 2075 3033 2176 3117; x_wconf 84' lang='lat' dir='ltr'>prae·</span> 
     </span>
     <span class='ocr_line' id='line_1_19' title="bbox 824 3142 2174 3256; baseline 0.003 -34"><span class='ocrx_word' id='word_1_135' title='bbox 824 3142 924 3222; x_wconf 64' lang='lat' dir='ltr'>dieta</span> <span class='ocrx_word' id='word_1_136' title='bbox 943 3144 990 3222; x_wconf 88' lang='lat' dir='ltr'>ab</span> <span class='ocrx_word' id='word_1_137' title='bbox 1006 3142 1072 3222; x_wconf 92' lang='lat' dir='ltr'>illo</span> <span class='ocrx_word' id='word_1_138' title='bbox 1091 3143 1210 3252; x_wconf 76' lang='lat' dir='ltr'>posita</span> <span class='ocrx_word' id='word_1_139' title='bbox 1223 3143 1278 3224; x_wconf 89' lang='lat' dir='ltr'>est</span> <span class='ocrx_word' id='word_1_140' title='bbox 1294 3146 1581 3254; x_wconf 85' lang='lat' dir='ltr'>approximatio,</span> <span class='ocrx_word' id='word_1_141' title='bbox 1598 3147 1773 3256; x_wconf 89' lang='lat' dir='ltr'>primum</span> <span class='ocrx_word' id='word_1_142' title='bbox 1786 3173 1834 3225; x_wconf 86' lang='lat' dir='ltr'>ex</span> <span class='ocrx_word' id='word_1_143' title='bbox 1854 3143 2115 3226; x_wconf 88' lang='lat' dir='ltr'>Theoremate</span> <span class='ocrx_word' id='word_1_144' title='bbox 2129 3173 2174 3226; x_wconf 90' lang='lat' dir='ltr'>eo</span> 
     </span>
     <span class='ocr_line' id='line_1_20' title="bbox 822 3283 2173 3397; baseline 0.002 -33"><span class='ocrx_word' id='word_1_145' title='bbox 822 3283 977 3392; x_wconf 85' lang='lat' dir='ltr'>pendet,</span> <span class='ocrx_word' id='word_1_146' title='bbox 1002 3283 1149 3365; x_wconf 84' lang='lat' dir='ltr'>“radio</span> <span class='ocrx_word' id='word_1_147' title='bbox 1168 3283 1311 3392; x_wconf 86' lang='lat' dir='ltr'>aequale</span> <span class='ocrx_word' id='word_1_148' title='bbox 1330 3285 1403 3365; x_wconf 84' lang='lat' dir='ltr'>effe</span> <span class='ocrx_word' id='word_1_149' title='bbox 1424 3284 1632 3397; x_wconf 75' lang='lat' dir='ltr'>aequilateri</span> <span class='ocrx_word' id='word_1_150' title='bbox 1652 3285 1840 3396; x_wconf 83' lang='lat' dir='ltr'>hexagoni</span> <span class='ocrx_word' id='word_1_151' title='bbox 1855 3283 1954 3366; x_wconf 89' lang='lat' dir='ltr'>latus</span> <span class='ocrx_word' id='word_1_152' title='bbox 1975 3285 2173 3368; x_wconf 88' lang='lat' dir='ltr'>incircqu</span> 
     </span>
     <span class='ocr_line' id='line_1_21' title="bbox 821 3424 2176 3544; baseline 0.003 -43"><span class='ocrx_word' id='word_1_153' title='bbox 821 3426 1034 3533; x_wconf 88' lang='lat' dir='ltr'>inscripti.’&#39;</span> <span class='ocrx_word' id='word_1_154' title='bbox 1063 3424 1215 3504; x_wconf 83' lang='lat' dir='ltr'>Exinde</span> <span class='ocrx_word' id='word_1_155' title='bbox 1229 3427 1430 3518; x_wconf 89' lang='lat' dir='ltr'>nimirum,</span> <span class='ocrx_word' id='word_1_156' title='bbox 1446 3444 1486 3505; x_wconf 89' lang='lat' dir='ltr'>et</span> <span class='ocrx_word' id='word_1_157' title='bbox 1498 3442 1620 3533; x_wconf 87' lang='lat' dir='ltr'>perca</span> <span class='ocrx_word' id='word_1_158' title='bbox 1640 3451 1795 3544; x_wconf 87' lang='lat' dir='ltr'>quoque</span> <span class='ocrx_word' id='word_1_159' title='bbox 1815 3452 1902 3534; x_wconf 87' lang='lat' dir='ltr'>quae</span> <span class='ocrx_word' id='word_1_160' title='bbox 1920 3426 2024 3533; x_wconf 90' lang='lat' dir='ltr'>apud</span> <span class='ocrx_word' id='word_1_161' title='bbox 2042 3425 2176 3507; x_wconf 81' lang='lat' dir='ltr'>Erech-</span> 
     </span>
     <span class='ocr_line' id='line_1_22' title="bbox 821 3563 2176 3677; baseline 0.001 -34"><span class='ocrx_word' id='word_1_162' title='bbox 821 3563 899 3643; x_wconf 82' lang='lat' dir='ltr'>dem</span> <span class='ocrx_word' id='word_1_163' title='bbox 918 3563 1226 3644; x_wconf 89' lang='lat' dir='ltr'>demonstrantur</span> <span class='ocrx_word' id='word_1_164' title='bbox 1245 3564 1338 3644; x_wconf 92' lang='lat' dir='ltr'>Lib.</span> <span class='ocrx_word' id='word_1_165' title='bbox 1353 3567 1642 3677; x_wconf 87' lang='lat' dir='ltr'>1.Prop.47.et</span> <span class='ocrx_word' id='word_1_166' title='bbox 1663 3564 1755 3644; x_wconf 91' lang='lat' dir='ltr'>Lib.</span> <span class='ocrx_word' id='word_1_167' title='bbox 1767 3565 1931 3672; x_wconf 73' lang='lat' dir='ltr'>arrop.</span> <span class='ocrx_word' id='word_1_168' title='bbox 1946 3592 1984 3675; x_wconf 85' lang='lat'>3.</span> <span class='ocrx_word' id='word_1_169' title='bbox 1998 3566 2176 3675; x_wconf 84' lang='lat' dir='ltr'>approxi-</span> 
     </span>
    </p>
   </div>
   <div class='ocr_carea' id='block_1_8' title="bbox 804 3699 2175 3820">
    <p class='ocr_par' dir='ltr' id='par_1_8' title="bbox 804 3699 2175 3820">
     <span class='ocr_line' id='line_1_23' title="bbox 804 3699 2175 3820; baseline 0.003 -41"><span class='ocrx_word' id='word_1_170' title='bbox 804 3817 806 3819; x_wconf 5' lang='grc' dir='ltr'><strong><em>Ὺ</em></strong></span> <span class='ocrx_word' id='word_1_171' title='bbox 822 3699 1015 3820; x_wconf 86' lang='lat' dir='ltr'>mationem</span> <span class='ocrx_word' id='word_1_172' title='bbox 1031 3700 1182 3780; x_wconf 89' lang='lat' dir='ltr'>instruit</span> <span class='ocrx_word' id='word_1_173' title='bbox 1203 3726 1274 3808; x_wconf 90' lang='lat' dir='ltr'>pro</span> <span class='ocrx_word' id='word_1_174' title='bbox 1293 3705 1455 3797; x_wconf 90' lang='lat' dir='ltr'>ratione,</span> <span class='ocrx_word' id='word_1_175' title='bbox 1471 3733 1589 3814; x_wconf 91' lang='lat' dir='ltr'>quam</span> <span class='ocrx_word' id='word_1_176' title='bbox 1605 3706 1652 3785; x_wconf 90' lang='lat' dir='ltr'>ad</span> <span class='ocrx_word' id='word_1_177' title='bbox 1667 3706 1897 3785; x_wconf 82' lang='lat' dir='ltr'>diametrum</span> <span class='ocrx_word' id='word_1_178' title='bbox 1917 3702 2035 3785; x_wconf 79' lang='lat' dir='ltr'>habet</span> <span class='ocrx_word' id='word_1_179' title='bbox 2053 3707 2175 3815; x_wconf 85' lang='lat' dir='ltr'>aequi-</span> 
     </span>
    </p>
   </div>
   <div class='ocr_carea' id='block_1_9' title="bbox 821 3841 2289 4655">
    <p class='ocr_par' dir='ltr' id='par_1_9' title="bbox 821 3841 2289 4655">
     <span class='ocr_line' id='line_1_24' title="bbox 823 3841 2175 3955; baseline 0.004 -37"><span class='ocrx_word' id='word_1_180' title='bbox 823 3841 931 3920; x_wconf 87' lang='lat' dir='ltr'>lateri</span> <span class='ocrx_word' id='word_1_181' title='bbox 950 3841 1132 3949; x_wconf 88' lang='lat' dir='ltr'>polygoni</span> <span class='ocrx_word' id='word_1_182' title='bbox 1156 3841 1440 3950; x_wconf 89' lang='lat' dir='ltr'>circumscripti</span> <span class='ocrx_word' id='word_1_183' title='bbox 1459 3863 1498 3926; x_wconf 89' lang='lat' dir='ltr'>et</span> <span class='ocrx_word' id='word_1_184' title='bbox 1516 3845 1689 3954; x_wconf 89' lang='lat' dir='ltr'>inscripti</span> <span class='ocrx_word' id='word_1_185' title='bbox 1707 3845 1819 3936; x_wconf 85' lang='lat' dir='ltr'>latus,</span> <span class='ocrx_word' id='word_1_186' title='bbox 1836 3843 1905 3923; x_wconf 92' lang='lat' dir='ltr'>ubi</span> <span class='ocrx_word' id='word_1_187' title='bbox 1923 3844 2039 3925; x_wconf 86' lang='lat' dir='ltr'>latera</span> <span class='ocrx_word' id='word_1_188' title='bbox 2065 3844 2175 3955; x_wconf 76' lang='lat' dir='ltr'>poly-</span> 
     </span>
     <span class='ocr_line' id='line_1_25' title="bbox 821 3980 2289 4094; baseline 0.005 -35"><span class='ocrx_word' id='word_1_189' title='bbox 821 3982 915 4086; x_wconf 85' lang='lat' dir='ltr'>goni</span> <span class='ocrx_word' id='word_1_190' title='bbox 934 4008 1097 4062; x_wconf 89' lang='lat' dir='ltr'>numero</span> <span class='ocrx_word' id='word_1_191' title='bbox 1110 3980 1173 4060; x_wconf 85' lang='lat' dir='ltr'>sex</span> <span class='ocrx_word' id='word_1_192' title='bbox 1187 3998 1226 4060; x_wconf 89' lang='lat' dir='ltr'>et</span> <span class='ocrx_word' id='word_1_193' title='bbox 1243 3984 1451 4094; x_wconf 89' lang='lat' dir='ltr'>nonaginta</span> <span class='ocrx_word' id='word_1_194' title='bbox 1465 3984 1560 4078; x_wconf 79' lang='lat' dir='ltr'>fint3</span> <span class='ocrx_word' id='word_1_195' title='bbox 1581 4012 1629 4064; x_wconf 87' lang='lat' dir='ltr'>ex</span> <span class='ocrx_word' id='word_1_196' title='bbox 1646 3983 1787 4092; x_wconf 89' lang='lat' dir='ltr'>quibus</span> <span class='ocrx_word' id='word_1_197' title='bbox 1802 3983 1849 4062; x_wconf 92' lang='lat' dir='ltr'>ad</span> <span class='ocrx_word' id='word_1_198' title='bbox 1862 4001 2084 4065; x_wconf 83' lang='lat' dir='ltr'>extremum</span> <span class='ocrx_word' id='word_1_199' title='bbox 2099 3984 2175 4065; x_wconf 86' lang='lat' dir='ltr'>sta·</span> <span class='ocrx_word' id='word_1_200' title='bbox 2286 4025 2289 4040; x_wconf 76' lang='lat'><em>=</em></span> 
     </span>
     <span class='ocr_line' id='line_1_26' title="bbox 823 4118 2174 4235; baseline 0.007 -39"><span class='ocrx_word' id='word_1_201' title='bbox 823 4118 911 4212; x_wconf 88' lang='lat' dir='ltr'>tuit,</span> <span class='ocrx_word' id='word_1_202' title='bbox 926 4119 1045 4229; x_wconf 88' lang='lat' dir='ltr'>pofita</span> <span class='ocrx_word' id='word_1_203' title='bbox 1059 4148 1131 4228; x_wconf 89' lang='lat' dir='ltr'>pro</span> <span class='ocrx_word' id='word_1_204' title='bbox 1147 4122 1282 4200; x_wconf 89' lang='lat' dir='ltr'>circuli</span> <span class='ocrx_word' id='word_1_205' title='bbox 1298 4122 1485 4203; x_wconf 86' lang='lat' dir='ltr'>diametro</span> <span class='ocrx_word' id='word_1_206' title='bbox 1498 4124 1659 4217; x_wconf 89' lang='lat' dir='ltr'>unitate,</span> <span class='ocrx_word' id='word_1_207' title='bbox 1673 4124 1863 4203; x_wconf 91' lang='lat' dir='ltr'>minorem</span> <span class='ocrx_word' id='word_1_208' title='bbox 1874 4122 1948 4203; x_wconf 81' lang='lat' dir='ltr'>effe</span> <span class='ocrx_word' id='word_1_209' title='bbox 1963 4124 2081 4235; x_wconf 87' lang='lat' dir='ltr'>iplius</span> <span class='ocrx_word' id='word_1_210' title='bbox 2093 4126 2174 4205; x_wconf 90' lang='lat' dir='ltr'>cir-</span> 
     </span>
     <span class='ocr_line' id='line_1_27' title="bbox 822 4254 2146 4397; baseline 0.009 -62"><span class='ocrx_word' id='word_1_211' title='bbox 822 4256 1116 4338; x_wconf 88' lang='lat' dir='ltr'>cumferentiam</span> <span class='ocrx_word' id='word_1_212' title='bbox 1137 4290 1256 4371; x_wconf 91' lang='lat' dir='ltr'>quam</span> <span class='ocrx_word' id='word_1_213' title='bbox 1278 4293 1300 4374; x_wconf 83' lang='lat'>3</span> <span class='ocrx_word' id='word_1_214' title='bbox 1322 4280 1363 4371; x_wconf 79' lang='lat'>†</span> <span class='ocrx_word' id='word_1_215' title='bbox 1387 4254 1450 4393; x_wconf 56' lang='grc' dir='ltr'>ξ,</span> <span class='ocrx_word' id='word_1_216' title='bbox 1478 4265 1667 4372; x_wconf 91' lang='lat' dir='ltr'>majorem</span> <span class='ocrx_word' id='word_1_217' title='bbox 1685 4282 1815 4346; x_wconf 89' lang='lat' dir='ltr'>autem</span> <span class='ocrx_word' id='word_1_218' title='bbox 1835 4294 1953 4374; x_wconf 90' lang='lat' dir='ltr'>quam</span> <span class='ocrx_word' id='word_1_219' title='bbox 1978 4256 2146 4397; x_wconf 57' lang='grc' dir='ltr'>Ηυξ.</span> 
     </span>
     <span class='ocr_line' id='line_1_28' title="bbox 879 4390 2175 4515; baseline 0.009 -39"><span class='ocrx_word' id='word_1_220' title='bbox 879 4390 1009 4505; x_wconf 89' lang='lat' dir='ltr'>Magis</span> <span class='ocrx_word' id='word_1_221' title='bbox 1031 4402 1264 4510; x_wconf 67' lang='lat' dir='ltr'>exquisitum</span> <span class='ocrx_word' id='word_1_222' title='bbox 1287 4403 1433 4484; x_wconf 89' lang='lat' dir='ltr'>interea</span> <span class='ocrx_word' id='word_1_223' title='bbox 1450 4403 1610 4513; x_wconf 89' lang='lat' dir='ltr'>hujusce</span> <span class='ocrx_word' id='word_1_224' title='bbox 1637 4406 1792 4486; x_wconf 86' lang='lat' dir='ltr'>rationis</span> <span class='ocrx_word' id='word_1_225' title='bbox 1812 4425 2045 4515; x_wconf 89' lang='lat' dir='ltr'>computum</span> <span class='ocrx_word' id='word_1_226' title='bbox 2066 4406 2175 4488; x_wconf 84' lang='lat' dir='ltr'>insti·</span> 
     </span>
     <span class='ocr_line' id='line_1_29' title="bbox 823 4541 2176 4655; baseline 0.007 -42"><span class='ocrx_word' id='word_1_227' title='bbox 823 4554 978 4617; x_wconf 90' lang='lat' dir='ltr'>tuerunt</span> <span class='ocrx_word' id='word_1_228' title='bbox 997 4541 1250 4637; x_wconf 58' lang='lat' dir='ltr'>recentiorem</span> <span class='ocrx_word' id='word_1_229' title='bbox 1280 4562 1321 4623; x_wconf 92' lang='lat' dir='ltr'>et</span> <span class='ocrx_word' id='word_1_230' title='bbox 1339 4541 1622 4652; x_wconf 84' lang='lat' dir='ltr'>polygonorum</span> <span class='ocrx_word' id='word_1_231' title='bbox 1641 4544 1757 4626; x_wconf 85' lang='lat' dir='ltr'>latera</span> <span class='ocrx_word' id='word_1_232' title='bbox 1775 4544 2085 4655; x_wconf 83' lang='lat' dir='ltr'>multiplicando,</span> <span class='ocrx_word' id='word_1_233' title='bbox 2113 4544 2176 4625; x_wconf 91' lang='lat' dir='ltr'>vel</span> 
     </span>
    </p>
   </div>
   <div class='ocr_carea' id='block_1_10' title="bbox 1223 4849 2177 5043">
    <p class='ocr_par' dir='ltr' id='par_1_10' title="bbox 1223 4849 2177 5043">
     <span class='ocr_line' id='line_1_30' title="bbox 1223 4849 1728 4938; baseline 0.006 -21"><span class='ocrx_word' id='word_1_234' title='bbox 1223 4864 1231 4880; x_wconf 91' lang='lat'><strong><em>‘</em></strong></span> <span class='ocrx_word' id='word_1_235' title='bbox 1288 4849 1312 4897; x_wconf 74' lang='lat'>⁸</span> <span class='ocrx_word' id='word_1_236' title='bbox 1337 4853 1413 4917; x_wconf 84' lang='lat' dir='ltr'>Vide</span> <span class='ocrx_word' id='word_1_237' title='bbox 1428 4855 1503 4936; x_wconf 82' lang='lat' dir='ltr'>Cap.</span> <span class='ocrx_word' id='word_1_238' title='bbox 1522 4874 1545 4914; x_wconf 79' lang='grc' dir='ltr'>ι.</span> <span class='ocrx_word' id='word_1_239' title='bbox 1565 4876 1637 4938; x_wconf 81' lang='lat' dir='ltr'>pag.</span> <span class='ocrx_word' id='word_1_240' title='bbox 1656 4875 1728 4937; x_wconf 79' lang='lat'>327.</span> 
     </span>
     <span class='ocr_line' id='line_1_31' title="bbox 1547 4958 2177 5043; baseline -0.002 1"><span class='ocrx_word' id='word_1_241' title='bbox 1547 4970 1550 4976; x_wconf 84' lang='grc'>’</span> <span class='ocrx_word' id='word_1_242' title='bbox 1992 4958 2177 5043; x_wconf 87' lang='lat' dir='ltr'>Methodi</span> 
     </span>
    </p>
   </div>
   <div class='ocr_carea' id='block_1_11' title="bbox 0 0 2596 6597">
    <p class='ocr_par' dir='ltr' id='par_1_11' title="bbox 0 0 2596 6597">
     <span class='ocr_line' id='line_1_32' title="bbox 0 0 2596 6597; baseline 0 0"><span class='ocrx_word' id='word_1_243' title='bbox 0 0 2596 6597; x_wconf 95' lang='lat' dir='ltr'> </span> 
     </span>
    </p>
   </div>
  </div>
 </body>
</html>
