5184 6600
773 909 850 1134 36
855 1023 895 1133 4
944 985 1041 1100 De
1070 981 1361 1100 ,sessionum
1390 943 1699 1098 (lonicorum
1726 981 2023 1127 Doiirino,

610 1280 705 1325 socr.
770 1241 852 1345 ejus
875 1238 1106 1346 proferendis
1126 1241 1363 1347 diligentiam
1383 1238 1559 1319 adhibuit
1577 1267 1653 1320 non
1674 1239 1922 1320 mediocrem.
1965 1238 2118 1318 Prodiit

771 1382 1018 1488 Antwerpiae,
1048 1384 1217 1461 Auctore
1249 1409 1310 1473 eu,
1340 1405 1440 1459 anno
1473 1384 1592 1488 1647,
1637 1380 1794 1486 “Opus
1816 1377 2117 1461 Geometricum

771 1520 1023 1628 Qadraturae
1084 1521 1233 1600 Circuli
1285 1537 1326 1598 et
1375 1519 1594 1606 Sestionum
1649 1520 1749 1628 Coui
1771 1517 1933 1624 fdecem
1984 1514 2120 1595 Libris

769 1659 1127 1769 comprehensum,''
1158 1665 1199 1741 in
1231 1690 1311 1771 quo
1344 1663 1443 1739 inter
1476 1676 1623 1750 caetera,
1653 1657 1700 1735 de
1715 1654 1821 1764 focis
1846 1653 1968 1736 multa
1995 1652 2118 1731 lucu-

769 1772 887 1879 ienter
934 1799 1083 1880 tradita'
1110 1800 1210 1881 sunt.
1276 1800 1350 1880 Sed
1395 1817 1435 1878 et
1477 1796 1623 1877 ibidem
1667 1821 1823 1904 quoque
1869 1790 2121 1902 praetermiffa

769 1940 956 2047 quaedam,
976 1958 1043 2018 aut
1058 1941 1171 2024 nimis
1185 1937 1344 2050 anguste
1358 1938 1477 2048 pofita
1497 1937 1570 2017 effe
1584 1936 1773 2033 videntur,
1794 1933 1840 2011 de
1857 1933 1998 2039 quibus
2011 1931 2121 2011 haud

767 2075 878 2156 facile
897 2079 1076 2184 conjiciat
1095 2081 1247 2187 aliquis,
1278 2081 1381 2160 unde
1406 2107 1488 2163 rem
1508 2080 1559 2158 ita
1578 2076 1737 2160 evenisse
1756 2075 1973 2181 contigerit.
2025 2074 2120 2152 Mi-

765 2243 853 2294 rum
884 2218 937 2295 ita
973 2220 1258 2325 quodammodo
1290 2221 1359 2313 est,
1389 2220 1438 2299 de
1454 2220 1546 2326 foco
1576 2216 1795 2327 Hyperbolae
1824 2213 1922 2294 nihil
1954 2215 2123 2294 omnino

707 2388 709 2393 ’
762 2356 896 2435 dixisse
932 2359 1167 2467 Gregorium,
1203 2390 1297 2451 cum
1333 2379 1460 2439 tamen
1494 2361 1623 2439 omnia
1662 2355 1704 2436 de
1736 2355 1912 2463 Ellipseos
1931 2351 2033 2461 socie
2049 2386 2052 2390 <
2068 2379 2121 2432 ex

643 2556 644 2562 η
765 2496 973 2606 Apollonio
1007 2497 1086 2578 sere
1116 2499 1164 2579 ad
1194 2500 1357 2580 verbum
1377 2497 1640 2607 desumpserit,
1673 2494 1779 2602 quod
1807 2516 1847 2574 et
1882 2493 1984 2574 idem
2009 2519 2121 2600 quo·

766 2663 841 2743 que
861 2636 987 2743 quoad
1002 2638 1248 2747 Hyperbolum
1267 2637 1395 2718 fecisse
1415 2640 1575 2718 omnino
1595 2655 1788 2745 potuerat.

822 2776 978 2884 Insuper
991 2775 1036 2854 de
1051 2777 1221 2886 Ellipseos
1232 2777 1478 2884 Contingente
1483 2761 1607 2889 sectili
1620 2803 1663 2855 ea
1673 2777 1798 2883 ponit,
1816 2803 1985 2884 quorum
2000 2773 2123 2883 paulo

765 2912 863 3027 infra
896 2915 1059 2995 recensio
1089 2917 1255 3027 anobis
1287 2915 1460 2997 facienda
1487 2914 1557 2996 est.
1615 2918 1671 2995 Et
1696 2914 1853 3022 quidem
1883 2912 1966 2996 haec
1984 2893 2126 2995 omnia
2189 3007 2193 3015 Ι

765 3080 813 3131 ex
833 3050 1033 3134 affestione
1062 3053 1106 3135 ed
1135 3054 1389 3164 demonstrata
1417 3055 1535 3153 dedit,
1565 3055 1612 3137 de
1641 3054 1719 3164 qui
1747 3050 1854 3164 apud
1883 3081 1952 3139 nos
1972 3055 2123 3161 agitur,

766 3193 859 3272 Lib.
885 3221 920 3274 ι.
943 3195 1061 3306 Prop,
1081 3197 1149 3280 28.
1179 3224 1300 3306 quam
1318 3214 1357 3277 et
1376 3213 1565 3307 quatenus
1592 3196 1633 3275 in
1652 3171 1845 3275 Parabolu
1858 3213 1899 3274 et
1917 3195 1958 3274 in
1977 3183 2130 3306 Ellipsr

765 3334 966 3441 spectanda
985 3337 1054 3429 est,
1085 3340 1233 3446 primus
1267 3338 1446 3418 omnium
1472 3333 1676 3444 Gregorius
1702 3336 1744 3427 in
1772 3335 2010 3426 Conicorum
2044 3362 2125 3425 ex-

766 3472 972 3580 plicatione
1009 3476 1191 3569 tradidit,
1233 3504 1359 3585 neque
1390 3494 1520 3557 tamen
1548 3476 1589 3557 id
1631 3475 1742 3568 vidit,
1779 3476 1975 3585 quomodo
2016 3475 2126 3558 illius

765 3617 840 3721 ope
873 3613 912 3693 in
939 3637 1102 3723 utraque
1129 3616 1289 3696 Seoiione
1316 3615 1362 3694 de
1381 3618 1643 3725 Contingente
1661 3615 1776 3696 focali
1793 3617 1924 3695 eadem
1949 3615 2128 3702 demon·

766 3753 1037 3837 strarelicuit.
1098 3757 1219 3865 Qud
1246 3774 1378 3838 autem
1409 3761 1539 3839 minus
1558 3760 1676 3840 etiam
1708 3761 1748 3838 in
1766 3785 1812 3837 eo
1838 3755 2127 3863 ignoscendum

766 3895 834 3988 est,
866 3897 1053 3977 rationem
1072 3898 1171 3977 inter
1203 3896 1379 3979 diametri
1396 3899 1618 4008 principalis
1651 3897 1820 3979 abscissas
1840 3913 1880 3975 et
1906 3893 1988 4000 ejus
2008 3896 2126 3974 ordi-

766 4052 873 4113 natas
894 4035 962 4114 ubi
980 4036 1095 4116 semel
1114 4038 1331 4130 ostenderit,
1353 4056 1398 4118 ut
1416 4037 1669 4148 comprobati
1687 4040 1821 4125 utitur,
1851 4062 1944 4115 cum
1961 4033 2011 4113 de
2030 4034 2129 4116 aliis

767 4198 923 4279 quoque
942 4170 1133 4254 diametris
1162 4177 1242 4283 agit
1257 4180 1301 4269 *3
1329 4205 1458 4286 neque
1487 4198 1615 4259 tamen
1643 4177 1763 4257 ullam
1787 4172 1946 4277 hujusce
1965 4200 2123 4253 conve-

768 4298 919 4390 nientiae
957 4310 1336 4408 demonstrationem,
1374 4319 1480 4428 quod
1509 4317 1593 4398 fieri
1630 4317 1789 4400 omnino
1826 4312 2044 4422 oportebat·
2078 4315 2128 4395 in

768 4450 939 4532 medium
958 4455 1102 4535 attulit.
1649 4458 1651 4461 ’

822 4798 840 4835 ⁸
863 4794 938 4856 Vide
954 4798 1107 4861 Librorum
1121 4822 1152 4879 4,
1169 4818 1198 4879 ς,
1214 4802 1246 4873 6,
1267 4804 1373 4884 Operis
1386 4802 1524 4885 Gregorii
1538 4823 1555 4864 a
1569 4802 1627 4866 διο.
1642 4798 1807 4871 Vincentio,
1828 4799 1924 4859 Partes
1943 4796 2064 4879 primas.

2013 4931 2120 5037 Qae
