5184 6600
740 1009 858 1163 366
911 1012 1009 1129 De
1035 1005 1328 1126 Seth'onom
1356 1004 1666 1130 Conicarum
1692 995 1988 1161 Domitii}

584 1293 672 1336 fffff
734 1291 756 1345 a
775 1272 921 1373 pundto
940 1270 1248 1376 contingentium
1266 1266 1441 1348 occursus
1472 1269 1520 1349 ad
1544 1268 1676 1350 focum
1702 1270 1870 1363 dudam,
1890 1277 2010 1357 ’κᾶε
2029 1270 2085 1349 li-

734 1433 828 1499 neae,
849 1437 937 1515 quae
956 1411 1081 1517 primo
1101 1407 1215 1488 duur
1231 1409 1302 1500 est,
1323 1407 1370 1487 ad
1389 1412 1512 1489 rectos
1531 1411 1689 1518 angulos
1708 1409 1915 1490 effe—Et
1934 1412 1962 1490 sr
1983 1412 2084 1489 Sec·
2127 1521 2128 1525 Ἴ

734 1547 879 1628 tionem
910 1550 972 1627 vel
1002 1551 1193 1629 Sediones
1226 1550 1417 1656 oppositas
1449 1551 1675 1658 contingant
1705 1551 1788 1629 duae
1816 1552 1925 1630 redtae
1952 1549 2084 1641 lineae,

735 1712 820 1791 quae
839 1687 910 1766 fibi
927 1689 1094 1768 invicem
1112 1664 1341 1781 occurrant,⁸
1360 1694 1504 1769 restam
1523 1689 1663 1770 lineam
1689 1717 1711 1768 a
1734 1692 1878 1798 pundo
1897 1685 2084 1767 occursus

734 1823 781 1899 ad
800 1821 1110 1907 focumdudtam
1128 1822 1290 1907 bisecare
1304 1827 1504 1936 angulum,
1525 1829 1594 1936 qui
1615 1829 1723 1907 redis
1744 1828 1854 1906 lineis
1872 1854 1895 1905 a
1914 1846 2083 1906 contac-

732 1978 796 2043 tus
813 1967 965 2072 pondis
986 1965 1033 2043 ad
1053 1962 1186 2044 focum
1205 1964 1370 2045 eundem
1390 1964 1512 2047 duffio
1532 1965 1816 2055 continentur.'’
1841 1957 1846 1970 ⁶

790 2104 1000 2189 Cumulate
1021 2103 1150 2210 itaque
1161 2101 1338 2207 focorum
1361 2104 1575 2184 doctrinam
1594 2101 1780 2183 adauxiffe
1800 2098 2007 2185 censendus
2027 2097 2086 2178 est

732 2241 894 2323 eximius
919 2243 984 2322 ille
1007 2245 1231 2337 Geometra,
1261 2243 1309 2336 de
1338 2270 1418 2349 quo
1446 2241 1559 2320 verba
1579 2241 1663 2347 jam
1695 2220 1874 2318 facimus.
1932 2229 2087 2345 Neque

731 2381 839 2462 enim
857 2410 901 2461 ea
919 2381 1095 2461 tractavit
1113 2383 1239 2471 unice,
1264 2380 1326 2459 sed
1344 2408 1444 2461 nova
1461 2397 1506 2459 ut
1525 2370 1635 2491 supra
1653 2379 1801 2457 didium
1818 2377 1887 2468 est,
1906 2392 1947 2454 et
1965 2401 2087 2483 egre-

731 2522 794 2628 gia
826 2519 872 2599 de
903 2519 971 2600 suo
1007 2519 1159 2624 adjecit.
1218 2517 1411 2597 Nondum
1440 2506 1600 2625 quidem
1635 2535 1703 2597 aut
1725 2516 1844 2624 focis,
1872 2532 1941 2594 aut
1973 2513 2089 2596 lineri

730 2630 983 2742 direolricibus
1001 2658 1120 2737 indita
1130 2671 1239 2735 erant
1257 2654 1341 2735 haec
1361 2654 1439 2764 ipsa
1457 2656 1614 2737 nomina
1624 2693 1639 2749 ς
1659 2672 1811 2763 tantum
1823 2655 1872 2735 de
1884 2654 2090 2765 primariis

727 2823 865 2889 *eorum
891 2794 1156 2883 affectionibus
1187 2793 1365 2900 quaedam
1387 2809 1496 2872 antea
1514 2791 1754 2886 constabant,
1775 2810 1816 2872 et
1832 2790 1961 2902 quoad
1982 2790 2090 2874 hanc

729 2939 797 3020 vel
824 2937 973 3020 illame
1002 2934 1241 3027 &itionibus
1269 2932 1426 3013 Conicia
1454 2929 1644 3043 explicata
1669 2950 1792 3011 erant.
1849 2930 2091 3011 Confimilia

729 3097 860 3159 autem
879 3077 919 3157 in
934 3077 1104 3158 sectione
1123 3071 1543 3184 qualibetagnoscenda
1556 3070 1629 3150 effe
1647 3069 1806 3153 demum
1818 3062 1983 3150 ostendit
2001 3069 2092 3165 ille,

729 3219 799 3326 qui
817 3217 959 3329 cupida
986 3189 1116 3298 mente
1142 3241 1220 3325 prae
1248 3211 1333 3294 aliis
1362 3229 1480 3323 atque
1503 3209 1631 3306 alacri,
1653 3197 1703 3293 ad
1732 3200 1948 3296 doctrinam
1975 3206 2091 3292 hanc

729 3356 1031 3464 promovendam
1049 3356 1122 3436 sese
1142 3357 1324 3438 accinxit.

790 3509 830 3587 Si
861 3507 908 3588 de
941 3510 1216 3590 recentioribus
1242 3509 1439 3615 quaritur,
1475 3509 1570 3619 quid
1600 3527 1640 3591 et
1671 3509 1702 3591 ii
1731 3492 1890 3621 quoque
1923 3536 1975 3591 ex
2006 3508 2093 3596 hac

729 3664 839 3754 parte
882 3662 992 3727 antea
1029 3673 1108 3725 non
1149 3647 1400 3729 adinventum
1441 3632 1654 3742 attulerint,
1693 3677 1740 3731 eo
1777 3651 1932 3731 nomine
1961 3650 2096 3732 unice

726 3784 928 3865 laudamus
954 3811 1013 3876 ea,
1044 3812 1135 3891 quae
1152 3812 1200 3864 ex
1220 3786 1525 3869 Hamrurouo
1547 3791 1670 3898 Operi
1689 3787 1817 3868 nostro
1845 3786 1893 3865 ad
1919 3785 2017 3868 Lib.
2043 3814 2092 3899 ς.

727 3925 934 4035 Prop·45.
965 3923 1204 4005 inseruimus.
1270 3926 1391 4035 Apud
1424 3929 1726 4008 Emoasouum
1768 3924 1941 4035 profecto
1974 3926 2095 4030 sunt,

574 4124 577 4128 »
729 4090 815 4170 qua
833 4063 1012 4144 novitatis
1042 4064 1209 4171 speciem
1239 4064 1348 4144 inse
1379 4063 1537 4159 habent,
1567 4067 1627 4147 sed
1656 4094 1696 4146 re
1733 4065 1957 4174 diligentius
1986 4074 2093 4175 per-

728 4199 861 4307 pensi,
890 4200 1118 4281 consectaria
1144 4201 1273 4310 potius
1291 4201 1365 4282 effe
1388 4206 1570 4286 censenda
1595 4207 1683 4286 sunt
1701 4234 1750 4286 ex
1768 4191 2094 4315 priusbognitie‘,

728 4338 789 4416 vel
823 4366 910 4445 quae
944 4337 1160 4419 uberiorem
1209 4338 1417 4421 istiusmodi
1450 4341 1732 4424 theorematum
1778 4341 2094 4452 explicationem

728 4476 984 4585 suppeditant.
1924 4563 1926 4569 ζ

788 4617 1038 4697 Paucrorta
1060 4643 1202 4711 suut,
1231 4639 1271 4701 et
1300 4647 1385 4729 quae
1414 4622 1527 4704 citius
1558 4623 1646 4730 quis
1672 4637 1881 4732 percurrat,
1903 4648 2003 4732 wqua
2038 4625 2094 4707 de
2338 4643 2361 4734 ’ἱ

726 4758 936 4867 etsyrmptotis
948 4759 1106 4839 dicenda
1117 4760 1218 4840 sunt.
1254 4765 1468 4874 Praecipuas
1485 4790 1615 4844 earum
1627 4761 1846 4844 affectiones
1860 4761 2093 4873 perspectas

726 4892 864 4978 habuit
893 4898 1224 4982 Midacritus:
1254 4900 1529 4984 demonstratas
1561 4899 1666 4981 dedit
1698 4901 1845 5012 primus
1878 4899 2091 4995 omnium,

1900 5065 2094 5148 quorum
