5184 6600
852 943 967 1167 {46
1052 980 1342 1125 Seuionun
1376 940 1685 1120 canicorum
1707 978 1709 982 ’
1728 988 1865 1109 L1B.
1897 973 2008 1107 lv.
2081 1133 2089 1145 ·

898 1235 982 1305 Cor.
1008 1229 1107 1304 Hinc
1124 1251 1168 1299 ex
1184 1222 1323 1296 duabus
1339 1215 1520 1294 diametris
1534 1211 1734 1315 conjugatis
1750 1207 1957 1310 hyperbole
1970 1203 2074 1293 datia,
2083 1216 2197 1305 patetw

850 1347 1040 1423 methodus
1059 1338 1261 1418 inveniendi
1278 1361 1370 1411 axes.
2190 1378 2196 1386 ,

1156 1563 1162 1582 ⁸
1258 1636 1357 1717 PR
1386 1632 1425 1713 Ο
1457 1630 1504 1713 Ρ.
1563 1622 1767 1712 XXXVl.

853 1814 894 1896 Si
919 1814 1004 1894 duae
1032 1816 1144 1895 κᾶε
1167 1808 1429 1920 hyperbolam
1456 1804 1518 1885 vel
1543 1798 1779 1913 hyperbolae
1799 1790 1993 1904 appolitas
2020 1785 2190 1869 contin·-

906 1953 1042 2045 geutes
1061 1937 1131 2017 srbi
1150 1935 1323 2038 invicem
1343 1945 1566 2020 occurrant,
1588 1927 1690 2005 recia
1704 1948 1772 2033 per
1790 1919 1984 2029 pundlum
2003 1908 2198 1991 occursus

791 2067 794 2070 ‘
908 2061 1024 2139 dueta
1042 2074 1082 2139 et
1100 2056 1284 2138 bifariam
1303 2054 1433 2136 secans
1453 2054 1597 2133 restam
1611 2049 1846 2157 jungentem
1866 2038 2086 2131 contadius,
2111 2030 2194 2114 etit

915 2183 1117 2264 diameter.

938 2373 1109 2458 RIMO,
1136 2370 1257 2445 fiduae
1267 2368 1372 2442 rettae
1382 2363 1613 2463 hyperbolam
1625 2358 1871 2456 contingentes
1884 2353 1945 2427 libi
1958 2351 2194 2425 invicemoca
2303 2450 2305 2455 Ι

959 2504 1111 2572 currant,
1135 2483 1229 2557 reda
1243 2506 1308 2581 per
1331 2480 1504 2580 pundtum
1528 2471 1692 2550 occursus
1714 2472 1821 2545 dueta
1838 2487 1876 2541 et
1893 2464 2054 2541 bifariam
2070 2465 2195 2543 secans

856 2604 988 2677 teclam
1006 2599 1218 2699 jungentem
1246 2596 1428 2669 contaetus
1453 2592 1520 2665 erit
1544 2591 1715 2663 diameter
1739 2581 1940 2670 transversa,
1965 2606 2030 2680 per
2045 2582 2131 2655 Cor.
2151 2606 2194 2674 4.

846 2719 962 2816 tProp.
981 2737 1041 2811 3ο.
1059 2714 1143 2787 Lib.
1166 2735 1199 2784 1.
1216 2730 1252 2784 ct
1267 2712 1352 2784 Cor.
1378 2733 1410 2780 1.
1428 2707 1534 2802 Prop.
1551 2708 1584 2777 8.
1600 2699 1754 2798 hujusce.

907 2827 1084 2914 Secundo,
1103 2824 1312 2921 contingant
1328 2822 1431 2895 redtae
1451 2820 1533 2907 TB,
1550 2819 1623 2890 TD
1642 2813 1849 2913 hyperbolas
1864 2810 2041 2909 oppositas
2056 2809 2104 2899 K,
2118 2809 2137 2884 1
2156 2810 2200 2886 in

856 2945 900 3029 B,
916 2942 966 3028 D,
983 2960 1018 3014 et
1035 2938 1097 3012 srbi
1120 2937 1274 3009 invicem
1296 2951 1484 3007 occunant
1508 2933 1544 3005 in
1561 2933 1597 3005 T
1609 2964 1622 3016 ς
1641 2928 1811 3028 jungatur
1832 2928 1873 3013 B,
1898 2928 1950 3012 D,
1976 2944 2014 2999 et
2039 2923 2196 2998 ducatur

857 3057 934 3130 TN
952 3050 1112 3128 bifariam
1129 3050 1247 3123 secans
1262 3049 1394 3122 rectam
1410 3047 1476 3120 BD
1491 3046 1529 3120 in
1543 3047 1594 3136 N,
1610 3063 1646 3119 et
1661 3043 1755 3115 recta
1769 3042 1847 3116 TN
1863 3039 1931 3114 erit
1947 3039 2123 3113 diameter
2140 3038 2195 3112 se-

858 3167 985 3243 cunda.

908 3282 1006 3354 Nam
1024 3277 1174 3350 ducatur
1188 3274 1361 3349 diameter
1383 3269 1574 3347 transversa>
1587 3273 1640 3347 Kl
1665 3271 1770 3346 redlae
1786 3272 1851 3346 BD
1868 3269 2046 3370 parallela‚
2063 3288 2101 3342 et
2113 3267 2196 3342 dia·-

847 3414 975 3468 ‹metro
992 3393 1045 3466 KI
1064 3389 1234 3464 ordinatae
1250 3390 1330 3475 BA,
1347 3388 1437 3471 DR3
1465 3407 1501 3459 et
1513 3406 1674 3461 occurrat
1688 3387 1861 3460 diameter
1877 3385 1931 3459 Kl
1944 3386 2050 3458 reetae
2062 3372 2197 3457 TNin

860 3511 905 3581 C.
938 3508 1039 3580 Tum
1052 3505 1118 3577 erit
1133 3505 1202 3576 AD
1216 3503 1603 3599 parallelogrammum,
1618 3525 1682 3600 per
1696 3501 1779 3574 Cor.
1800 3525 1830 3574 1.
1845 3501 1952 3600 Prop.
1972 3524 2014 3596 13
2029 3534 2040 3586 3
2057 3518 2095 3572 et
2106 3522 2197 3598 pro·-

847 3623 943 3695 .inde
965 3628 1042 3715 (34.
1068 3622 1118 3708 ι.)
1142 3617 1245 3690 reclae
1268 3617 1354 3704 AR,
1369 3617 1449 3700 BD,
1475 3616 1525 3688 uti
1545 3617 1653 3689 etiam
1669 3617 1750 3704 AB,
1767 3615 1853 3700 RD,
1871 3616 2041 3713 aequales.
2082 3614 2198 3686 Porro

862 3736 928 3809 erit
945 3734 1118 3832 punctum
1140 3734 1171 3805 C
1190 3750 1366 3804 centrum.
1409 3731 1506 3803 Nam
1528 3729 1642 3803 finon
1661 3731 1703 3804 fit
1718 3750 1893 3818 centrum,
1912 3732 1947 3803 in
1965 3732 2017 3803 Kl
2037 3729 2197 3802 sumatur

863 3867 1025 3923 centrum
1040 3849 1078 3934 S,
1096 3862 1131 3920 et
1147 3844 1299 3917 ducatur
1314 3843 1408 3916 reeta
1423 3845 1485 3918 SX
1504 3843 1566 3942 ipsa
1584 3847 1650 3918 AB
1662 3845 1720 3917 vel
1734 3847 1807 3917 RD
1820 3845 2000 3945 parallela‚
2016 3863 2051 3916 et
2066 3865 2198 3916 occur·

863 3982 916 4036 rat
940 3962 1041 4035 rectae
1061 3960 1126 4032 BD
1154 3957 1190 4054 in
1216 3959 1265 4032 X.
1317 3961 1439 4057 Quare
1463 3976 1567 4030 erunt
1591 3960 1667 4046 AS,
1692 3960 1753 4032 SR
1777 3959 1945 4056 aequales,
1968 3984 2031 4058 per
2052 3960 2137 4031 Cor.
2155 3978 2196 4051 3.

807 4105 811 4112 ·
864 4078 969 4171 Prop.
986 4077 1022 4145 8.
1040 4090 1078 4145 et
1094 4070 1241 4168 proinde
1258 4071 1352 4145 reeta
1362 4072 1426 4145 ΒΧ
1444 4078 1523 4165 (34.
1540 4096 1571 4144 r.
1585 4092 1689 4147 ctare.
1708 4095 1739 4145 r.
1758 4073 1808 4159 1.)
1821 4073 1967 4170 aequalis
1979 4075 2084 4147 recte
2096 4073 2195 4146 XD:

863 4191 962 4290 quod
980 4187 1030 4259 est
1048 4187 1250 4262 absurdum.
1292 4184 1392 4285 Ergo
1409 4186 1457 4260 est
1474 4188 1648 4286 pundlum
1676 4190 1707 4262 C
1732 4208 1907 4278 centrum,
1935 4205 1973 4263 et
1998 4187 2092 4262 resta
2115 4187 2198 4262 TN

863 4305 1013 4379 secunda
1029 4304 1215 4377 diameter.
1682 4349 1684 4353 .

913 4420 995 4492 Cor.
1016 4418 1044 4490 1.
1072 4417 1109 4489 Si
1125 4417 1206 4490 duae
1231 4416 1336 4489 rectae
1354 4417 1588 4514 hyperbolam
1606 4419 1851 4518 contingentes
1872 4419 1935 4494 fibi
1958 4410 2112 4496 inuicem
2131 4441 2200 4491 oc-

865 4548 1019 4616 currant,
1036 4531 1129 4604 redia
1145 4552 1210 4627 per
1226 4525 1302 4625 ejus
1319 4548 1482 4602 centrum
1499 4549 1534 4602 et
1548 4521 1722 4630 pundtum
1736 4532 1900 4606 occursus
1912 4532 2017 4608 dueta
2033 4531 2206 4613 bifariam·

864 4642 992 4715 secabit
1006 4645 1137 4718 restam
1152 4642 1363 4741 jungentem
1380 4645 1576 4736 contadus,
1602 4666 1639 4720 et
1652 4645 1801 4745 proinde
1818 4647 1886 4721 erit
1901 4647 2072 4723 diameter
2087 4647 2200 4724 trans·

864 4755 974 4830 versa.

866 4979 867 4983 Ἴ
914 4874 997 4946 Cor.
1014 4872 1064 4946 11.
1089 4869 1126 4944 Si
1147 4870 1229 4946 duae
1249 4873 1355 4947 recta
1372 4872 1580 4971 hyperbolas
1597 4873 1774 4972 oppositas
1797 4876 2042 4974 contingentes
2058 4877 2124 4952 libi
2141 4879 2205 4955 in-

865 4987 989 5063 vicem
1018 5007 1217 5079 occurrant,
1234 4989 1329 5065 reeta
1348 5012 1413 5088 per
1437 5012 1559 5065 earum
1582 5008 1745 5067 centrum
1769 5010 1806 5068 et
1830 4991 2004 5091 punilum
2031 4991 2203 5069 occursus

2057 5224 2059 5228 Ι
2094 5106 2206 5190 dueta
