<?xml version="1.0" encoding="UTF-8"?>
<!DOCTYPE html PUBLIC "-//W3C//DTD XHTML 1.0 Transitional//EN"
    "http://www.w3.org/TR/xhtml1/DTD/xhtml1-transitional.dtd">
<html xmlns="http://www.w3.org/1999/xhtml" xml:lang="en" lang="en">
 <head>
  <title>
</title>
<meta http-equiv="Content-Type" content="text/html;charset=utf-8" />
  <meta name='ocr-system' content='tesseract 3.04.00' />
  <meta name='ocr-capabilities' content='ocr_page ocr_carea ocr_par ocr_line ocrx_word'/>
</head>
<body>
  <div class='ocr_page' id='page_1' title='image "./sectionumconica00robegoog_0268.png"; bbox 0 0 5184 6600; ppageno 0'>
   <div class='ocr_carea' id='block_1_1' title="bbox 551 999 1798 1167">
    <p class='ocr_par' dir='ltr' id='par_1_1' title="bbox 551 999 1798 1167">
     <span class='ocr_line' id='line_1_1' title="bbox 551 999 1798 1167; baseline 0.007 -43"><span class='ocrx_word' id='word_1_1' title='bbox 551 1118 553 1124; x_wconf 83' lang='lat'>.</span> <span class='ocrx_word' id='word_1_2' title='bbox 664 999 1798 1167; x_wconf 63' lang='lat' dir='ltr'>unnonomnmmlnav21o7</span> 
     </span>
    </p>
   </div>
   <div class='ocr_carea' id='block_1_2' title="bbox 357 1224 1932 2823">
    <p class='ocr_par' dir='ltr' id='par_1_2' title="bbox 461 1224 1932 2129">
     <span class='ocr_line' id='line_1_2' title="bbox 462 1224 1800 1328; baseline -0.001 -23"><span class='ocrx_word' id='word_1_3' title='bbox 462 1230 555 1306; x_wconf 81' lang='lat' dir='ltr'>latur</span> <span class='ocrx_word' id='word_1_4' title='bbox 572 1226 647 1328; x_wconf 72' lang='lat' dir='ltr'>QG</span> <span class='ocrx_word' id='word_1_5' title='bbox 665 1248 801 1306; x_wconf 76' lang='lat' dir='ltr'>normae</span> <span class='ocrx_word' id='word_1_6' title='bbox 818 1226 920 1327; x_wconf 74' lang='lat' dir='ltr'>QGs</span> <span class='ocrx_word' id='word_1_7' title='bbox 938 1228 1041 1301; x_wconf 74' lang='lat' dir='ltr'>rellae</span> <span class='ocrx_word' id='word_1_8' title='bbox 1055 1227 1146 1315; x_wconf 88' lang='lat' dir='ltr'>DX,</span> <span class='ocrx_word' id='word_1_9' title='bbox 1163 1245 1198 1301; x_wconf 91' lang='lat' dir='ltr'>et</span> <span class='ocrx_word' id='word_1_10' title='bbox 1215 1227 1366 1301; x_wconf 87' lang='lat' dir='ltr'>alterum</span> <span class='ocrx_word' id='word_1_11' title='bbox 1385 1224 1491 1323; x_wconf 66' lang='lat' dir='ltr'>ipsius</span> <span class='ocrx_word' id='word_1_12' title='bbox 1507 1225 1597 1301; x_wconf 88' lang='lat' dir='ltr'>latus</span> <span class='ocrx_word' id='word_1_13' title='bbox 1623 1228 1683 1302; x_wconf 87' lang='lat' dir='ltr'>GS</span> <span class='ocrx_word' id='word_1_14' title='bbox 1696 1230 1800 1304; x_wconf 77' lang='lat' dir='ltr'>reelae</span> 
     </span>
     <span class='ocr_line' id='line_1_3' title="bbox 463 1338 1799 1433; baseline -0.001 -14"><span class='ocrx_word' id='word_1_15' title='bbox 463 1343 527 1419; x_wconf 87' lang='lat' dir='ltr'>IE.</span> <span class='ocrx_word' id='word_1_16' title='bbox 568 1338 799 1415; x_wconf 80' lang='lat' dir='ltr'>Extremitati</span> <span class='ocrx_word' id='word_1_17' title='bbox 817 1342 842 1413; x_wconf 84' lang='lat' dir='ltr'>S</span> <span class='ocrx_word' id='word_1_18' title='bbox 857 1340 974 1417; x_wconf 79' lang='lat' dir='ltr'>lateris</span> <span class='ocrx_word' id='word_1_19' title='bbox 1000 1340 1061 1416; x_wconf 91' lang='lat' dir='ltr'>GS</span> <span class='ocrx_word' id='word_1_20' title='bbox 1085 1340 1290 1415; x_wconf 71' lang='lat' dir='ltr'>anneelatur</span> <span class='ocrx_word' id='word_1_21' title='bbox 1306 1362 1376 1412; x_wconf 86' lang='lat' dir='ltr'>una</span> <span class='ocrx_word' id='word_1_22' title='bbox 1389 1339 1593 1413; x_wconf 73' lang='lat' dir='ltr'>extremitas</span> <span class='ocrx_word' id='word_1_23' title='bbox 1610 1341 1661 1417; x_wconf 86' lang='lat' dir='ltr'>lili</span> <span class='ocrx_word' id='word_1_24' title='bbox 1689 1343 1799 1433; x_wconf 87' lang='lat' dir='ltr'><strong>SAF,</strong></span> 
     </span>
     <span class='ocr_line' id='line_1_4' title="bbox 464 1453 1801 1557; baseline -0.001 -27"><span class='ocrx_word' id='word_1_25' title='bbox 464 1454 621 1555; x_wconf 87' lang='lat' dir='ltr'>ejusdem</span> <span class='ocrx_word' id='word_1_26' title='bbox 638 1453 871 1553; x_wconf 80' lang='lat' dir='ltr'>longitudinis</span> <span class='ocrx_word' id='word_1_27' title='bbox 884 1479 969 1529; x_wconf 88' lang='lat' dir='ltr'>cum</span> <span class='ocrx_word' id='word_1_28' title='bbox 982 1457 1088 1532; x_wconf 84' lang='lat' dir='ltr'>latere</span> <span class='ocrx_word' id='word_1_29' title='bbox 1100 1458 1184 1541; x_wconf 65' lang='lat' dir='ltr'>GS,</span> <span class='ocrx_word' id='word_1_30' title='bbox 1204 1455 1313 1557; x_wconf 84' lang='lat' dir='ltr'>altera</span> <span class='ocrx_word' id='word_1_31' title='bbox 1329 1477 1413 1527; x_wconf 88' lang='lat' dir='ltr'>vero</span> <span class='ocrx_word' id='word_1_32' title='bbox 1429 1455 1629 1527; x_wconf 79' lang='lat' dir='ltr'>extremitas</span> <span class='ocrx_word' id='word_1_33' title='bbox 1646 1456 1695 1529; x_wconf 87' lang='lat' dir='ltr'>fili</span> <span class='ocrx_word' id='word_1_34' title='bbox 1712 1456 1801 1554; x_wconf 86' lang='lat' dir='ltr'>figa-</span> 
     </span>
     <span class='ocr_line' id='line_1_5' title="bbox 464 1568 1801 1671; baseline -0.001 -26"><span class='ocrx_word' id='word_1_35' title='bbox 464 1592 523 1645; x_wconf 88' lang='lat' dir='ltr'>tur</span> <span class='ocrx_word' id='word_1_36' title='bbox 539 1572 674 1671; x_wconf 74' lang='lat' dir='ltr'>pundlo</span> <span class='ocrx_word' id='word_1_37' title='bbox 686 1573 728 1645; x_wconf 88' lang='lat' dir='ltr'>F.</span> <span class='ocrx_word' id='word_1_38' title='bbox 754 1572 838 1670; x_wconf 93' lang='lat' dir='ltr'>Ope</span> <span class='ocrx_word' id='word_1_39' title='bbox 851 1569 974 1669; x_wconf 84' lang='lat' dir='ltr'>paxilli</span> <span class='ocrx_word' id='word_1_40' title='bbox 992 1574 1029 1645; x_wconf 90' lang='lat' dir='ltr'>A</span> <span class='ocrx_word' id='word_1_41' title='bbox 1046 1571 1241 1644; x_wconf 86' lang='lat' dir='ltr'>adducatur</span> <span class='ocrx_word' id='word_1_42' title='bbox 1255 1594 1335 1667; x_wconf 86' lang='lat' dir='ltr'>pars</span> <span class='ocrx_word' id='word_1_43' title='bbox 1353 1568 1402 1641; x_wconf 86' lang='lat' dir='ltr'>fili</span> <span class='ocrx_word' id='word_1_44' title='bbox 1417 1570 1481 1641; x_wconf 90' lang='lat' dir='ltr'>SA</span> <span class='ocrx_word' id='word_1_45' title='bbox 1499 1570 1543 1641; x_wconf 93' lang='lat' dir='ltr'>ad</span> <span class='ocrx_word' id='word_1_46' title='bbox 1560 1570 1652 1643; x_wconf 90' lang='lat' dir='ltr'>latus</span> <span class='ocrx_word' id='word_1_47' title='bbox 1667 1594 1801 1643; x_wconf 79' lang='lat' dir='ltr'>normae</span> 
     </span>
     <span class='ocr_line' id='line_1_6' title="bbox 462 1684 1800 1786; baseline -0.002 -24"><span class='ocrx_word' id='word_1_48' title='bbox 462 1687 523 1762; x_wconf 90' lang='lat' dir='ltr'>GS</span> <span class='ocrx_word' id='word_1_49' title='bbox 543 1684 694 1785; x_wconf 84' lang='lat' dir='ltr'>utjuxta</span> <span class='ocrx_word' id='word_1_50' title='bbox 710 1685 826 1786; x_wconf 83' lang='lat' dir='ltr'>ipsum</span> <span class='ocrx_word' id='word_1_51' title='bbox 842 1687 1018 1761; x_wconf 86' lang='lat' dir='ltr'>tendatur.</span> <span class='ocrx_word' id='word_1_52' title='bbox 1055 1686 1195 1761; x_wconf 87' lang='lat' dir='ltr'>Deinde</span> <span class='ocrx_word' id='word_1_53' title='bbox 1208 1705 1396 1758; x_wconf 86' lang='lat' dir='ltr'>moveatur</span> <span class='ocrx_word' id='word_1_54' title='bbox 1410 1686 1502 1757; x_wconf 88' lang='lat' dir='ltr'>latus</span> <span class='ocrx_word' id='word_1_55' title='bbox 1519 1686 1594 1784; x_wconf 75' lang='lat' dir='ltr'>QG</span> <span class='ocrx_word' id='word_1_56' title='bbox 1607 1685 1800 1759; x_wconf 86' lang='lat' dir='ltr'>secundum</span> 
     </span>
     <span class='ocr_line' id='line_1_7' title="bbox 463 1797 1799 1900; baseline -0.001 -26"><span class='ocrx_word' id='word_1_57' title='bbox 463 1803 598 1876; x_wconf 57' lang='lat' dir='ltr'>reblam</span> <span class='ocrx_word' id='word_1_58' title='bbox 615 1804 705 1888; x_wconf 90' lang='lat' dir='ltr'>DX,</span> <span class='ocrx_word' id='word_1_59' title='bbox 722 1821 758 1874; x_wconf 91' lang='lat' dir='ltr'>et</span> <span class='ocrx_word' id='word_1_60' title='bbox 776 1800 907 1873; x_wconf 87' lang='lat' dir='ltr'>interea</span> <span class='ocrx_word' id='word_1_61' title='bbox 919 1798 1021 1874; x_wconf 88' lang='lat' dir='ltr'>filum</span> <span class='ocrx_word' id='word_1_62' title='bbox 1037 1799 1170 1900; x_wconf 81' lang='lat' dir='ltr'>paxillo</span> <span class='ocrx_word' id='word_1_63' title='bbox 1181 1797 1371 1875; x_wconf 81' lang='lat' dir='ltr'>distentum</span> <span class='ocrx_word' id='word_1_64' title='bbox 1388 1797 1524 1897; x_wconf 85' lang='lat' dir='ltr'>semper</span> <span class='ocrx_word' id='word_1_65' title='bbox 1538 1798 1639 1872; x_wconf 89' lang='lat' dir='ltr'>lateri</span> <span class='ocrx_word' id='word_1_66' title='bbox 1656 1801 1717 1872; x_wconf 85' lang='lat' dir='ltr'>GS</span> <span class='ocrx_word' id='word_1_67' title='bbox 1736 1827 1799 1900; x_wconf 89' lang='lat' dir='ltr'>ap·</span> 
     </span>
     <span class='ocr_line' id='line_1_8' title="bbox 461 1911 1932 2015; baseline -0.003 -26"><span class='ocrx_word' id='word_1_68' title='bbox 461 1916 637 2015; x_wconf 87' lang='lat' dir='ltr'>plicatum</span> <span class='ocrx_word' id='word_1_69' title='bbox 660 1934 839 1998; x_wconf 74' lang='lat' dir='ltr'>teneatur,</span> <span class='ocrx_word' id='word_1_70' title='bbox 865 1912 1031 2013; x_wconf 83' lang='lat' dir='ltr'>lineaque</span> <span class='ocrx_word' id='word_1_71' title='bbox 1055 1913 1309 2011; x_wconf 46' lang='lat' dir='ltr'>motu-&gt;paxilli</span> <span class='ocrx_word' id='word_1_72' title='bbox 1340 1916 1374 1987; x_wconf 88' lang='lat' dir='ltr'><strong>A</strong></span> <span class='ocrx_word' id='word_1_73' title='bbox 1404 1911 1574 2009; x_wconf 87' lang='lat' dir='ltr'>descripta</span> <span class='ocrx_word' id='word_1_74' title='bbox 1599 1913 1666 1985; x_wconf 90' lang='lat' dir='ltr'>erit</span> <span class='ocrx_word' id='word_1_75' title='bbox 1693 1937 1800 1986; x_wconf 85' lang='lat' dir='ltr'>curva</span> <span class='ocrx_word' id='word_1_76' title='bbox 1928 1963 1932 1971; x_wconf 87' lang='lat'>-</span> 
     </span>
     <span class='ocr_line' id='line_1_9' title="bbox 461 2026 1799 2129; baseline -0.004 -24"><span class='ocrx_word' id='word_1_77' title='bbox 461 2030 802 2129; x_wconf 78' lang='lat' dir='ltr'>hyperbola,qoam</span> <span class='ocrx_word' id='word_1_78' title='bbox 818 2029 1009 2127; x_wconf 80' lang='lat' dir='ltr'>oportebat</span> <span class='ocrx_word' id='word_1_79' title='bbox 1021 2026 1226 2103; x_wconf 84' lang='lat' dir='ltr'>describere.</span> <span class='ocrx_word' id='word_1_80' title='bbox 1254 2026 1477 2124; x_wconf 82' lang='lat' dir='ltr'>Intelligatur</span> <span class='ocrx_word' id='word_1_81' title='bbox 1489 2026 1585 2099; x_wconf 85' lang='lat' dir='ltr'>eninr</span> <span class='ocrx_word' id='word_1_82' title='bbox 1603 2027 1799 2123; x_wconf 86' lang='lat' dir='ltr'>hyperbola</span> 
     </span>
    </p>

    <p class='ocr_par' dir='ltr' id='par_1_3' title="bbox 357 2139 1815 2823">
     <span class='ocr_line' id='line_1_10' title="bbox 357 2139 1799 2244; baseline -0.003 -24"><span class='ocrx_word' id='word_1_83' title='bbox 357 2146 361 2150; x_wconf 77' lang='grc'><strong>’</strong></span> <span class='ocrx_word' id='word_1_84' title='bbox 463 2144 565 2244; x_wconf 80' lang='lat' dir='ltr'>cujus</span> <span class='ocrx_word' id='word_1_85' title='bbox 580 2144 631 2218; x_wconf 88' lang='lat' dir='ltr'>est</span> <span class='ocrx_word' id='word_1_86' title='bbox 647 2142 747 2218; x_wconf 80' lang='lat' dir='ltr'>locus</span> <span class='ocrx_word' id='word_1_87' title='bbox 764 2145 794 2218; x_wconf 89' lang='lat' dir='ltr'>F</span> <span class='ocrx_word' id='word_1_88' title='bbox 812 2161 851 2217; x_wconf 91' lang='lat' dir='ltr'>et</span> <span class='ocrx_word' id='word_1_89' title='bbox 872 2143 1036 2218; x_wconf 75' lang='lat' dir='ltr'>directrix</span> <span class='ocrx_word' id='word_1_90' title='bbox 1061 2142 1150 2228; x_wconf 84' lang='lat' dir='ltr'>DX,</span> <span class='ocrx_word' id='word_1_91' title='bbox 1168 2159 1204 2214; x_wconf 93' lang='lat' dir='ltr'>et</span> <span class='ocrx_word' id='word_1_92' title='bbox 1225 2140 1396 2237; x_wconf 87' lang='lat' dir='ltr'>quoniam</span> <span class='ocrx_word' id='word_1_93' title='bbox 1420 2139 1612 2238; x_wconf 84' lang='lat' dir='ltr'>longitudo</span> <span class='ocrx_word' id='word_1_94' title='bbox 1632 2142 1683 2214; x_wconf 90' lang='lat' dir='ltr'>fili</span> <span class='ocrx_word' id='word_1_95' title='bbox 1706 2144 1799 2216; x_wconf 83' lang='lat' dir='ltr'>SAF</span> 
     </span>
     <span class='ocr_line' id='line_1_11' title="bbox 460 2253 1797 2359; baseline -0.004 -24"><span class='ocrx_word' id='word_1_96' title='bbox 460 2260 612 2359; x_wconf 79' lang='lat' dir='ltr'>aequalis</span> <span class='ocrx_word' id='word_1_97' title='bbox 628 2258 796 2355; x_wconf 77' lang='lat' dir='ltr'>estlateri</span> <span class='ocrx_word' id='word_1_98' title='bbox 824 2258 922 2333; x_wconf 87' lang='lat' dir='ltr'>SAG</span> <span class='ocrx_word' id='word_1_99' title='bbox 941 2280 1090 2344; x_wconf 77' lang='lat' dir='ltr'>normae,</span> <span class='ocrx_word' id='word_1_100' title='bbox 1117 2253 1252 2327; x_wconf 82' lang='lat' dir='ltr'>sublatai</span> <span class='ocrx_word' id='word_1_101' title='bbox 1273 2273 1372 2351; x_wconf 88' lang='lat' dir='ltr'>parte</span> <span class='ocrx_word' id='word_1_102' title='bbox 1389 2254 1574 2328; x_wconf 89' lang='lat' dir='ltr'>communi</span> <span class='ocrx_word' id='word_1_103' title='bbox 1598 2257 1672 2344; x_wconf 82' lang='lat' dir='ltr'>SA,</span> <span class='ocrx_word' id='word_1_104' title='bbox 1689 2257 1797 2330; x_wconf 90' lang='lat' dir='ltr'>relin-</span> 
     </span>
     <span class='ocr_line' id='line_1_12' title="bbox 461 2365 1799 2476; baseline -0.005 -25"><span class='ocrx_word' id='word_1_105' title='bbox 461 2397 593 2476; x_wconf 89' lang='lat' dir='ltr'>quetur</span> <span class='ocrx_word' id='word_1_106' title='bbox 604 2376 701 2455; x_wconf 71' lang='lat' dir='ltr'>recta</span> <span class='ocrx_word' id='word_1_107' title='bbox 717 2376 785 2451; x_wconf 87' lang='lat' dir='ltr'>AF</span> <span class='ocrx_word' id='word_1_108' title='bbox 802 2375 908 2451; x_wconf 55' lang='grc' dir='ltr'>τιθῶ</span> <span class='ocrx_word' id='word_1_109' title='bbox 925 2373 998 2450; x_wconf 88' lang='lat' dir='ltr'>AG</span> <span class='ocrx_word' id='word_1_110' title='bbox 1016 2368 1176 2469; x_wconf 81' lang='lat' dir='ltr'>aequalia,</span> <span class='ocrx_word' id='word_1_111' title='bbox 1200 2366 1269 2448; x_wconf 87' lang='lat' dir='ltr'>hoc</span> <span class='ocrx_word' id='word_1_112' title='bbox 1293 2365 1343 2442; x_wconf 87' lang='lat' dir='ltr'>est</span> <span class='ocrx_word' id='word_1_113' title='bbox 1358 2367 1518 2445; x_wconf 87' lang='lat' dir='ltr'>distantia</span> <span class='ocrx_word' id='word_1_114' title='bbox 1530 2368 1652 2469; x_wconf 74' lang='lat' dir='ltr'>paxilli</span> <span class='ocrx_word' id='word_1_115' title='bbox 1679 2368 1799 2445; x_wconf 87' lang='lat' dir='ltr'>afoco</span> 
     </span>
     <span class='ocr_line' id='line_1_13' title="bbox 460 2470 1815 2590; baseline -0.005 -24"><span class='ocrx_word' id='word_1_116' title='bbox 460 2493 667 2590; x_wconf 75' lang='lat' dir='ltr'>hyperbole</span> <span class='ocrx_word' id='word_1_117' title='bbox 677 2492 745 2571; x_wconf 78' lang='lat' dir='ltr'>erit</span> <span class='ocrx_word' id='word_1_118' title='bbox 762 2470 899 2590; x_wconf 59' lang='lat' dir='ltr'>sempe}</span> <span class='ocrx_word' id='word_1_119' title='bbox 915 2486 1063 2587; x_wconf 75' lang='lat' dir='ltr'>aequalis</span> <span class='ocrx_word' id='word_1_120' title='bbox 1079 2485 1185 2560; x_wconf 72' lang='lat' dir='ltr'>reftae</span> <span class='ocrx_word' id='word_1_121' title='bbox 1202 2484 1287 2571; x_wconf 89' lang='lat' dir='ltr'>AG,</span> <span class='ocrx_word' id='word_1_122' title='bbox 1305 2484 1424 2564; x_wconf 76' lang='lat' dir='ltr'>doelae</span> <span class='ocrx_word' id='word_1_123' title='bbox 1440 2510 1462 2559; x_wconf 89' lang='lat' dir='ltr'>a</span> <span class='ocrx_word' id='word_1_124' title='bbox 1476 2486 1609 2584; x_wconf 85' lang='lat' dir='ltr'>paxillo</span> <span class='ocrx_word' id='word_1_125' title='bbox 1627 2489 1662 2561; x_wconf 84' lang='lat' dir='ltr'>A</span> <span class='ocrx_word' id='word_1_126' title='bbox 1680 2487 1726 2560; x_wconf 92' lang='lat' dir='ltr'>ad</span> <span class='ocrx_word' id='word_1_127' title='bbox 1741 2487 1815 2581; x_wconf 44' lang='lat' dir='ltr'>dig</span> 
     </span>
     <span class='ocr_line' id='line_1_14' title="bbox 458 2598 1799 2704; baseline -0.007 -19"><span class='ocrx_word' id='word_1_128' title='bbox 458 2609 643 2692; x_wconf 71' lang='lat' dir='ltr'>redaicem</span> <span class='ocrx_word' id='word_1_129' title='bbox 660 2625 700 2682; x_wconf 91' lang='lat' dir='ltr'>et</span> <span class='ocrx_word' id='word_1_130' title='bbox 724 2606 924 2704; x_wconf 83' lang='lat' dir='ltr'>asymptoto</span> <span class='ocrx_word' id='word_1_131' title='bbox 939 2601 1125 2703; x_wconf 71' lang='lat' dir='ltr'>parallelae.</span> <span class='ocrx_word' id='word_1_132' title='bbox 1164 2598 1265 2697; x_wconf 86' lang='lat' dir='ltr'>Ergo</span> <span class='ocrx_word' id='word_1_133' title='bbox 1281 2623 1391 2675; x_wconf 86' lang='lat' dir='ltr'>curva</span> <span class='ocrx_word' id='word_1_134' title='bbox 1409 2601 1545 2700; x_wconf 81' lang='lat' dir='ltr'>paxillo</span> <span class='ocrx_word' id='word_1_135' title='bbox 1563 2605 1599 2681; x_wconf 82' lang='lat' dir='ltr'>A</span> <span class='ocrx_word' id='word_1_136' title='bbox 1624 2601 1799 2703; x_wconf 86' lang='lat' dir='ltr'>descripta</span> 
     </span>
     <span class='ocr_line' id='line_1_15' title="bbox 459 2722 1111 2823; baseline -0.012 -24"><span class='ocrx_word' id='word_1_137' title='bbox 459 2725 531 2801; x_wconf 88' lang='lat' dir='ltr'>erit</span> <span class='ocrx_word' id='word_1_138' title='bbox 545 2748 655 2801; x_wconf 83' lang='lat' dir='ltr'>curra</span> <span class='ocrx_word' id='word_1_139' title='bbox 670 2722 887 2823; x_wconf 82' lang='lat' dir='ltr'>hyperbolae,</span> <span class='ocrx_word' id='word_1_140' title='bbox 904 2743 969 2822; x_wconf 90' lang='lat' dir='ltr'>per</span> <span class='ocrx_word' id='word_1_141' title='bbox 984 2744 1057 2795; x_wconf 86' lang='lat' dir='ltr'>cor.</span> <span class='ocrx_word' id='word_1_142' title='bbox 1079 2739 1111 2791; x_wconf 89' lang='lat'>1.</span> 
     </span>
    </p>
   </div>
   <div class='ocr_carea' id='block_1_3' title="bbox 879 2983 1398 3125">
    <p class='ocr_par' dir='ltr' id='par_1_4' title="bbox 879 2983 1398 3125">
     <span class='ocr_line' id='line_1_16' title="bbox 879 2983 1398 3125; baseline 0.004 -1"><span class='ocrx_word' id='word_1_143' title='bbox 879 2983 1398 3125; x_wconf 56' lang='grc' dir='ltr'>ΡΒοΡ.ΧΧιΧ.γ</span> 
     </span>
    </p>
   </div>
   <div class='ocr_carea' id='block_1_4' title="bbox 462 3247 1968 4107">
    <p class='ocr_par' dir='ltr' id='par_1_5' title="bbox 462 3247 1968 4107">
     <span class='ocr_line' id='line_1_17' title="bbox 462 3247 1968 3364; baseline -0.005 -22"><span class='ocrx_word' id='word_1_144' title='bbox 462 3256 523 3347; x_wconf 85' lang='lat' dir='ltr'>Sit</span> <span class='ocrx_word' id='word_1_145' title='bbox 541 3251 683 3364; x_wconf 70' lang='lat' dir='ltr'>ellipse</span> <span class='ocrx_word' id='word_1_146' title='bbox 699 3248 853 3333; x_wconf 85' lang='lat' dir='ltr'><strong>ADBE</strong></span> <span class='ocrx_word' id='word_1_147' title='bbox 873 3248 986 3359; x_wconf 83' lang='lat' dir='ltr'>cujus</span> <span class='ocrx_word' id='word_1_148' title='bbox 1007 3249 1062 3332; x_wconf 90' lang='lat' dir='ltr'>est</span> <span class='ocrx_word' id='word_1_149' title='bbox 1078 3247 1163 3332; x_wconf 26' lang='lat' dir='ltr'>,axin</span> <span class='ocrx_word' id='word_1_150' title='bbox 1183 3249 1417 3338; x_wconf 82' lang='lat' dir='ltr'>transversus</span> <span class='ocrx_word' id='word_1_151' title='bbox 1437 3251 1525 3346; x_wconf 89' lang='lat' dir='ltr'>AB,</span> <span class='ocrx_word' id='word_1_152' title='bbox 1553 3251 1796 3364; x_wconf 84' lang='lat' dir='ltr'>axisconju·</span> <span class='ocrx_word' id='word_1_153' title='bbox 1823 3288 1901 3350; x_wconf 72' lang='lat'>1²10.</span> <span class='ocrx_word' id='word_1_154' title='bbox 1915 3288 1968 3352; x_wconf 67' lang='lat'>2⁶,</span> 
     </span>
     <span class='ocr_line' id='line_1_18' title="bbox 522 3372 1800 3491; baseline -0.002 -28"><span class='ocrx_word' id='word_1_155' title='bbox 522 3397 636 3491; x_wconf 83' lang='lat' dir='ltr'>gatut</span> <span class='ocrx_word' id='word_1_156' title='bbox 661 3372 755 3469; x_wconf 88' lang='lat' dir='ltr'>DE,</span> <span class='ocrx_word' id='word_1_157' title='bbox 776 3391 816 3457; x_wconf 89' lang='lat' dir='ltr'>et</span> <span class='ocrx_word' id='word_1_158' title='bbox 835 3391 1016 3454; x_wconf 87' lang='lat' dir='ltr'>centrum</span> <span class='ocrx_word' id='word_1_159' title='bbox 1036 3373 1100 3466; x_wconf 80' lang='lat' dir='ltr'>c;</span> <span class='ocrx_word' id='word_1_160' title='bbox 1121 3378 1309 3484; x_wconf 72' lang='lat' dir='ltr'>apuneto</span> <span class='ocrx_word' id='word_1_161' title='bbox 1330 3377 1362 3465; x_wconf 84' lang='lat' dir='ltr'>F</span> <span class='ocrx_word' id='word_1_162' title='bbox 1382 3379 1424 3458; x_wconf 92' lang='lat' dir='ltr'>in</span> <span class='ocrx_word' id='word_1_163' title='bbox 1444 3402 1515 3460; x_wconf 84' lang='lat' dir='ltr'>axe</span> <span class='ocrx_word' id='word_1_164' title='bbox 1535 3375 1613 3456; x_wconf 86' lang='lat' dir='ltr'>DE</span> <span class='ocrx_word' id='word_1_165' title='bbox 1631 3398 1800 3488; x_wconf 81' lang='lat' dir='ltr'>ponatur</span> 
     </span>
     <span class='ocr_line' id='line_1_19' title="bbox 521 3496 1797 3607; baseline -0.003 -20"><span class='ocrx_word' id='word_1_166' title='bbox 521 3504 569 3587; x_wconf 82' lang='lat' dir='ltr'>ad</span> <span class='ocrx_word' id='word_1_167' title='bbox 586 3527 701 3592; x_wconf 78' lang='lat' dir='ltr'>axem</span> <span class='ocrx_word' id='word_1_168' title='bbox 719 3496 975 3579; x_wconf 82' lang='lat' dir='ltr'>transversum</span> <span class='ocrx_word' id='word_1_169' title='bbox 987 3497 1059 3578; x_wconf 90' lang='lat' dir='ltr'>AB</span> <span class='ocrx_word' id='word_1_170' title='bbox 1072 3499 1176 3579; x_wconf 79' lang='lat' dir='ltr'>reeta</span> <span class='ocrx_word' id='word_1_171' title='bbox 1191 3497 1267 3577; x_wconf 89' lang='lat' dir='ltr'>FG</span> <span class='ocrx_word' id='word_1_172' title='bbox 1283 3501 1442 3607; x_wconf 77' lang='lat' dir='ltr'>aequalia</span> <span class='ocrx_word' id='word_1_173' title='bbox 1459 3499 1621 3582; x_wconf 84' lang='lat' dir='ltr'>summae</span> <span class='ocrx_word' id='word_1_174' title='bbox 1637 3503 1698 3593; x_wconf 80' lang='lat' dir='ltr'>vel</span> <span class='ocrx_word' id='word_1_175' title='bbox 1714 3501 1797 3592; x_wconf 82' lang='lat' dir='ltr'>dif-</span> 
     </span>
     <span class='ocr_line' id='line_1_20' title="bbox 522 3620 1799 3734; baseline -0.001 -26"><span class='ocrx_word' id='word_1_176' title='bbox 522 3625 697 3713; x_wconf 70' lang='lat' dir='ltr'>ferentia</span> <span class='ocrx_word' id='word_1_177' title='bbox 726 3620 958 3713; x_wconf 71' lang='lat' dir='ltr'>somiaxiutu</span> <span class='ocrx_word' id='word_1_178' title='bbox 991 3621 1077 3714; x_wconf 89' lang='lat' dir='ltr'>CB,</span> <span class='ocrx_word' id='word_1_179' title='bbox 1095 3621 1190 3713; x_wconf 89' lang='lat' dir='ltr'>CD,</span> <span class='ocrx_word' id='word_1_180' title='bbox 1222 3639 1263 3702; x_wconf 86' lang='lat' dir='ltr'>et</span> <span class='ocrx_word' id='word_1_181' title='bbox 1282 3621 1325 3702; x_wconf 91' lang='lat' dir='ltr'>in</span> <span class='ocrx_word' id='word_1_182' title='bbox 1355 3622 1459 3704; x_wconf 72' lang='lat' dir='ltr'>redi</span> <span class='ocrx_word' id='word_1_183' title='bbox 1477 3624 1510 3703; x_wconf 87' lang='lat' dir='ltr'><strong>F</strong></span> <span class='ocrx_word' id='word_1_184' title='bbox 1513 3623 1554 3702; x_wconf 94' lang='lat' dir='ltr'>G</span> <span class='ocrx_word' id='word_1_185' title='bbox 1587 3624 1799 3734; x_wconf 61' lang='lat' dir='ltr'>(producta</span> 
     </span>
     <span class='ocr_line' id='line_1_21' title="bbox 523 3742 1799 3857; baseline -0.004 -23"><span class='ocrx_word' id='word_1_186' title='bbox 523 3750 626 3834; x_wconf 82' lang='lat' dir='ltr'>ultra</span> <span class='ocrx_word' id='word_1_187' title='bbox 644 3749 838 3857; x_wconf 71' lang='lat' dir='ltr'>pandum</span> <span class='ocrx_word' id='word_1_188' title='bbox 858 3743 914 3839; x_wconf 92' lang='lat' dir='ltr'>G,</span> <span class='ocrx_word' id='word_1_189' title='bbox 935 3768 1029 3827; x_wconf 87' lang='lat' dir='ltr'>cum</span> <span class='ocrx_word' id='word_1_190' title='bbox 1049 3742 1094 3822; x_wconf 85' lang='lat' dir='ltr'>fit</span> <span class='ocrx_word' id='word_1_191' title='bbox 1115 3746 1148 3825; x_wconf 88' lang='lat' dir='ltr'>F</span> <span class='ocrx_word' id='word_1_192' title='bbox 1151 3744 1192 3824; x_wconf 88' lang='lat' dir='ltr'>G</span> <span class='ocrx_word' id='word_1_193' title='bbox 1222 3743 1445 3826; x_wconf 87' lang='lat' dir='ltr'>differentia</span> <span class='ocrx_word' id='word_1_194' title='bbox 1460 3745 1711 3855; x_wconf 78' lang='lat' dir='ltr'>semiaxium)</span> <span class='ocrx_word' id='word_1_195' title='bbox 1731 3748 1799 3829; x_wconf 89' lang='lat' dir='ltr'>su-</span> 
     </span>
     <span class='ocr_line' id='line_1_22' title="bbox 521 3865 1800 3979; baseline -0.004 -26"><span class='ocrx_word' id='word_1_196' title='bbox 521 3891 654 3959; x_wconf 84' lang='lat' dir='ltr'>matut</span> <span class='ocrx_word' id='word_1_197' title='bbox 681 3870 769 3950; x_wconf 84' lang='lat' dir='ltr'>GH</span> <span class='ocrx_word' id='word_1_198' title='bbox 797 3867 957 3978; x_wconf 77' lang='lat' dir='ltr'>aequalia</span> <span class='ocrx_word' id='word_1_199' title='bbox 986 3865 1058 3976; x_wconf 90' lang='lat' dir='ltr'>ipli</span> <span class='ocrx_word' id='word_1_200' title='bbox 1079 3867 1186 3960; x_wconf 86' lang='lat' dir='ltr'>CD;</span> <span class='ocrx_word' id='word_1_201' title='bbox 1215 3867 1290 3948; x_wconf 87' lang='lat' dir='ltr'>erit</span> <span class='ocrx_word' id='word_1_202' title='bbox 1319 3873 1515 3979; x_wconf 71' lang='lat' dir='ltr'>prandium</span> <span class='ocrx_word' id='word_1_203' title='bbox 1544 3868 1588 3949; x_wconf 89' lang='lat' dir='ltr'>H</span> <span class='ocrx_word' id='word_1_204' title='bbox 1608 3873 1650 3952; x_wconf 88' lang='lat' dir='ltr'>in</span> <span class='ocrx_word' id='word_1_205' title='bbox 1679 3868 1800 3953; x_wconf 72' lang='lat' dir='ltr'>curel</span> 
     </span>
     <span class='ocr_line' id='line_1_23' title="bbox 523 3996 944 4107; baseline -0.017 -29"><span class='ocrx_word' id='word_1_206' title='bbox 523 3996 721 4107; x_wconf 77' lang='lat' dir='ltr'>ellipleos.</span> <span class='ocrx_word' id='word_1_207' title='bbox 943 3996 944 3999; x_wconf 60' lang='lat'>‘</span> 
     </span>
    </p>
   </div>
   <div class='ocr_carea' id='block_1_5' title="bbox 458 4188 1836 5074">
    <p class='ocr_par' dir='ltr' id='par_1_6' title="bbox 460 4188 1798 4869">
     <span class='ocr_line' id='line_1_24' title="bbox 482 4188 1797 4291; baseline 0.009 -28"><span class='ocrx_word' id='word_1_208' title='bbox 482 4188 485 4189; x_wconf 42' lang='lat'><em>⁷</em></span> <span class='ocrx_word' id='word_1_209' title='bbox 576 4192 669 4268; x_wconf 90' lang='lat' dir='ltr'>AM</span> <span class='ocrx_word' id='word_1_210' title='bbox 685 4191 838 4286; x_wconf 68' lang='lat' dir='ltr'>ducunt</span> <span class='ocrx_word' id='word_1_211' title='bbox 852 4213 917 4290; x_wconf 87' lang='lat' dir='ltr'>per</span> <span class='ocrx_word' id='word_1_212' title='bbox 936 4191 1113 4291; x_wconf 66' lang='lat' dir='ltr'>punctum</span> <span class='ocrx_word' id='word_1_213' title='bbox 1129 4191 1171 4274; x_wconf 87' lang='lat' dir='ltr'><strong>H</strong></span> <span class='ocrx_word' id='word_1_214' title='bbox 1189 4193 1235 4268; x_wconf 88' lang='lat' dir='ltr'>ad</span> <span class='ocrx_word' id='word_1_215' title='bbox 1249 4218 1354 4277; x_wconf 75' lang='lat' dir='ltr'>axum</span> <span class='ocrx_word' id='word_1_216' title='bbox 1377 4199 1445 4274; x_wconf 79' lang='lat' dir='ltr'>AB</span> <span class='ocrx_word' id='word_1_217' title='bbox 1462 4199 1558 4282; x_wconf 62' lang='lat' dir='ltr'>reda</span> <span class='ocrx_word' id='word_1_218' title='bbox 1575 4199 1632 4281; x_wconf 84' lang='lat' dir='ltr'>Hl</span> <span class='ocrx_word' id='word_1_219' title='bbox 1652 4200 1708 4274; x_wconf 76' lang='lat' dir='ltr'>aui</span> <span class='ocrx_word' id='word_1_220' title='bbox 1725 4199 1797 4281; x_wconf 88' lang='lat' dir='ltr'>DE</span> 
     </span>
     <span class='ocr_line' id='line_1_25' title="bbox 595 4306 1797 4414; baseline -0.004 -34"><span class='ocrx_word' id='word_1_221' title='bbox 595 4306 783 4404; x_wconf 69' lang='lat' dir='ltr'>parallelo,</span> <span class='ocrx_word' id='word_1_222' title='bbox 811 4326 847 4381; x_wconf 88' lang='lat' dir='ltr'>ct</span> <span class='ocrx_word' id='word_1_223' title='bbox 875 4330 938 4404; x_wconf 87' lang='lat' dir='ltr'>per</span> <span class='ocrx_word' id='word_1_224' title='bbox 953 4325 1117 4383; x_wconf 85' lang='lat' dir='ltr'>centrum</span> <span class='ocrx_word' id='word_1_225' title='bbox 1142 4307 1341 4391; x_wconf 84' lang='lat' dir='ltr'>Cducatur</span> <span class='ocrx_word' id='word_1_226' title='bbox 1363 4313 1458 4395; x_wconf 70' lang='lat' dir='ltr'>reeta</span> <span class='ocrx_word' id='word_1_227' title='bbox 1475 4315 1541 4391; x_wconf 84' lang='lat' dir='ltr'>CK</span> <span class='ocrx_word' id='word_1_228' title='bbox 1555 4313 1618 4412; x_wconf 60' lang='lat' dir='ltr'>ipsi</span> <span class='ocrx_word' id='word_1_229' title='bbox 1637 4315 1708 4394; x_wconf 71' lang='lat' dir='ltr'>PH</span> <span class='ocrx_word' id='word_1_230' title='bbox 1733 4342 1797 4414; x_wconf 66' lang='grc' dir='ltr'>μ.</span> 
     </span>
     <span class='ocr_line' id='line_1_26' title="bbox 462 4421 1796 4525; baseline 0.005 -28"><span class='ocrx_word' id='word_1_231' title='bbox 462 4421 585 4499; x_wconf 83' lang='lat' dir='ltr'>rallela</span> <span class='ocrx_word' id='word_1_232' title='bbox 600 4441 636 4495; x_wconf 88' lang='lat' dir='ltr'>et</span> <span class='ocrx_word' id='word_1_233' title='bbox 651 4445 839 4499; x_wconf 79' lang='lat' dir='ltr'>occurrens</span> <span class='ocrx_word' id='word_1_234' title='bbox 857 4423 919 4495; x_wconf 91' lang='lat' dir='ltr'>lH</span> <span class='ocrx_word' id='word_1_235' title='bbox 938 4422 974 4496; x_wconf 91' lang='lat' dir='ltr'>in</span> <span class='ocrx_word' id='word_1_236' title='bbox 993 4424 1125 4522; x_wconf 67' lang='lat' dir='ltr'>pundo</span> <span class='ocrx_word' id='word_1_237' title='bbox 1138 4425 1184 4496; x_wconf 90' lang='lat' dir='ltr'>K.</span> <span class='ocrx_word' id='word_1_238' title='bbox 1225 4425 1327 4498; x_wconf 85' lang='lat' dir='ltr'>Turn</span> <span class='ocrx_word' id='word_1_239' title='bbox 1345 4445 1490 4524; x_wconf 80' lang='lat' dir='ltr'>propter</span> <span class='ocrx_word' id='word_1_240' title='bbox 1504 4426 1686 4525; x_wconf 81' lang='lat' dir='ltr'>parallelas</span> <span class='ocrx_word' id='word_1_241' title='bbox 1702 4430 1796 4516; x_wconf 88' lang='lat' dir='ltr'>KH,</span> 
     </span>
     <span class='ocr_line' id='line_1_27' title="bbox 462 4538 1797 4639; baseline 0.003 -24"><span class='ocrx_word' id='word_1_242' title='bbox 462 4540 526 4615; x_wconf 89' lang='lat' dir='ltr'>CF</span> <span class='ocrx_word' id='word_1_243' title='bbox 543 4557 645 4620; x_wconf 81' lang='lat' dir='ltr'>erunt</span> <span class='ocrx_word' id='word_1_244' title='bbox 661 4538 766 4612; x_wconf 73' lang='lat' dir='ltr'>reeta</span> <span class='ocrx_word' id='word_1_245' title='bbox 778 4538 860 4624; x_wconf 89' lang='lat' dir='ltr'>CK,</span> <span class='ocrx_word' id='word_1_246' title='bbox 872 4538 902 4610; x_wconf 90' lang='lat' dir='ltr'>F</span> <span class='ocrx_word' id='word_1_247' title='bbox 907 4538 945 4611; x_wconf 91' lang='lat' dir='ltr'>H</span> <span class='ocrx_word' id='word_1_248' title='bbox 956 4539 1123 4635; x_wconf 78' lang='lat' dir='ltr'>aequales.</span> <span class='ocrx_word' id='word_1_249' title='bbox 1150 4538 1221 4613; x_wconf 85' lang='lat' dir='ltr'>Sed</span> <span class='ocrx_word' id='word_1_250' title='bbox 1236 4540 1331 4618; x_wconf 71' lang='lat' dir='ltr'>recta</span> <span class='ocrx_word' id='word_1_251' title='bbox 1344 4541 1418 4613; x_wconf 88' lang='lat' dir='ltr'>FH</span> <span class='ocrx_word' id='word_1_252' title='bbox 1430 4541 1578 4639; x_wconf 80' lang='lat' dir='ltr'>aequelis</span> <span class='ocrx_word' id='word_1_253' title='bbox 1594 4540 1797 4619; x_wconf 85' lang='lat' dir='ltr'>estsemiaxi</span> 
     </span>
     <span class='ocr_line' id='line_1_28' title="bbox 462 4649 1798 4754; baseline 0 -27"><span class='ocrx_word' id='word_1_254' title='bbox 462 4649 538 4738; x_wconf 86' lang='lat' dir='ltr'>CB,</span> <span class='ocrx_word' id='word_1_255' title='bbox 551 4671 587 4725; x_wconf 90' lang='lat' dir='ltr'>et</span> <span class='ocrx_word' id='word_1_256' title='bbox 603 4650 739 4725; x_wconf 88' lang='lat' dir='ltr'>idcirco</span> <span class='ocrx_word' id='word_1_257' title='bbox 756 4651 781 4724; x_wconf 86' lang='lat' dir='ltr'>li</span> <span class='ocrx_word' id='word_1_258' title='bbox 799 4653 952 4727; x_wconf 89' lang='lat' dir='ltr'>circulus</span> <span class='ocrx_word' id='word_1_259' title='bbox 969 4671 1090 4727; x_wconf 87' lang='lat' dir='ltr'>centro</span> <span class='ocrx_word' id='word_1_260' title='bbox 1107 4652 1138 4725; x_wconf 93' lang='lat' dir='ltr'>C</span> <span class='ocrx_word' id='word_1_261' title='bbox 1155 4669 1192 4728; x_wconf 91' lang='lat' dir='ltr'>et</span> <span class='ocrx_word' id='word_1_262' title='bbox 1206 4652 1366 4727; x_wconf 70' lang='lat' dir='ltr'>distantia</span> <span class='ocrx_word' id='word_1_263' title='bbox 1378 4655 1439 4731; x_wconf 88' lang='lat' dir='ltr'>CB</span> <span class='ocrx_word' id='word_1_264' title='bbox 1456 4654 1687 4743; x_wconf 85' lang='lat' dir='ltr'>describatur,</span> <span class='ocrx_word' id='word_1_265' title='bbox 1699 4658 1798 4754; x_wconf 72' lang='lat' dir='ltr'>peri·</span> 
     </span>
     <span class='ocr_line' id='line_1_29' title="bbox 460 4763 1796 4869; baseline 0.003 -28"><span class='ocrx_word' id='word_1_266' title='bbox 460 4766 584 4866; x_wconf 87' lang='lat' dir='ltr'>pheria</span> <span class='ocrx_word' id='word_1_267' title='bbox 599 4763 672 4865; x_wconf 86' lang='lat' dir='ltr'>ejus</span> <span class='ocrx_word' id='word_1_268' title='bbox 687 4765 847 4844; x_wconf 81' lang='lat' dir='ltr'>tranfibit</span> <span class='ocrx_word' id='word_1_269' title='bbox 863 4792 927 4866; x_wconf 88' lang='lat' dir='ltr'>per</span> <span class='ocrx_word' id='word_1_270' title='bbox 940 4769 1112 4866; x_wconf 60' lang='lat' dir='ltr'>punitum</span> <span class='ocrx_word' id='word_1_271' title='bbox 1129 4770 1175 4842; x_wconf 90' lang='lat' dir='ltr'>K.</span> <span class='ocrx_word' id='word_1_272' title='bbox 1216 4767 1366 4858; x_wconf 81' lang='lat' dir='ltr'>Rursus,</span> <span class='ocrx_word' id='word_1_273' title='bbox 1383 4790 1529 4869; x_wconf 89' lang='lat' dir='ltr'>propter</span> <span class='ocrx_word' id='word_1_274' title='bbox 1544 4769 1671 4845; x_wconf 83' lang='lat' dir='ltr'>srmilia</span> <span class='ocrx_word' id='word_1_275' title='bbox 1688 4771 1796 4848; x_wconf 83' lang='lat' dir='ltr'>trian-</span> 
     </span>
    </p>

    <p class='ocr_par' dir='ltr' id='par_1_7' title="bbox 458 4880 1836 5074">
     <span class='ocr_line' id='line_1_30' title="bbox 458 4880 1836 4985; baseline -0.002 -28"><span class='ocrx_word' id='word_1_276' title='bbox 458 4880 782 4981; x_wconf 77' lang='lat' dir='ltr'>gulaHIG,KIC,</span> <span class='ocrx_word' id='word_1_277' title='bbox 795 4882 863 4958; x_wconf 88' lang='lat' dir='ltr'>erit</span> <span class='ocrx_word' id='word_1_278' title='bbox 877 4883 1094 4982; x_wconf 87' lang='lat' dir='ltr'>quadratum</span> <span class='ocrx_word' id='word_1_279' title='bbox 1109 4907 1154 4961; x_wconf 86' lang='lat' dir='ltr'>ex</span> <span class='ocrx_word' id='word_1_280' title='bbox 1169 4883 1230 4961; x_wconf 91' lang='lat' dir='ltr'>HI</span> <span class='ocrx_word' id='word_1_281' title='bbox 1248 4885 1293 4960; x_wconf 86' lang='lat' dir='ltr'>ad</span> <span class='ocrx_word' id='word_1_282' title='bbox 1304 4886 1520 4985; x_wconf 85' lang='lat' dir='ltr'>quadratum</span> <span class='ocrx_word' id='word_1_283' title='bbox 1532 4909 1576 4962; x_wconf 85' lang='lat' dir='ltr'>ex</span> <span class='ocrx_word' id='word_1_284' title='bbox 1587 4885 1641 4961; x_wconf 88' lang='lat' dir='ltr'>KI</span> <span class='ocrx_word' id='word_1_285' title='bbox 1651 4903 1693 4957; x_wconf 89' lang='lat' dir='ltr'>ut</span> <span class='ocrx_word' id='word_1_286' title='bbox 1705 4907 1798 4980; x_wconf 81' lang='lat' dir='ltr'>qua·</span> <span class='ocrx_word' id='word_1_287' title='bbox 1832 4973 1836 4981; x_wconf 26' lang='grc' dir='ltr'>Ι</span> 
     </span>
     <span class='ocr_line' id='line_1_31' title="bbox 1657 4998 1802 5074; baseline 0.007 -1"><span class='ocrx_word' id='word_1_288' title='bbox 1657 4998 1802 5074; x_wconf 76' lang='lat' dir='ltr'>eratum</span> 
     </span>
    </p>
   </div>
   <div class='ocr_carea' id='block_1_6' title="bbox 0 0 2596 6599">
    <p class='ocr_par' dir='ltr' id='par_1_8' title="bbox 0 0 2596 6599">
     <span class='ocr_line' id='line_1_32' title="bbox 0 0 2596 6599; baseline 0 0"><span class='ocrx_word' id='word_1_289' title='bbox 0 0 2596 6599; x_wconf 95' lang='lat' dir='ltr'> </span> 
     </span>
    </p>
   </div>
  </div>
 </body>
</html>
