5184 6600
924 1018 1026 1138 Dr
1064 1016 1356 1176 Parabola.
1728 1056 1807 1183 57

442 1237 535 1313 tui
553 1235 648 1312 reeta
665 1236 732 1313 AC
749 1235 909 1311 ordinata
920 1236 1026 1313 estad
1036 1239 1280 1337 reetangulum
1296 1239 1361 1314 sub
1376 1236 1448 1314 DE
1464 1258 1502 1314 et
1516 1259 1716 1339 parametro
1731 1241 1810 1315 dia-

451 1353 583 1427 metri
608 1352 667 1427 cui
691 1354 784 1427 reela
806 1354 859 1427 Kl
884 1350 1045 1429 ordinata
1066 1351 1134 1429 est:
1160 1354 1230 1431 hoc
1244 1352 1305 1445 est,
1332 1357 1388 1454 (r.
1408 1353 1462 1448 6.)
1486 1373 1528 1429 ut
1542 1375 1742 1454 parameter
1764 1356 1810 1429 ad

448 1485 730 1564 pammetmm.

524 1583 613 1656 Cor.
631 1582 683 1657 11.
709 1579 856 1657 Siredta
865 1582 918 1657 KI
931 1578 1024 1655 secet
1032 1584 1239 1680 parabolam
1248 1583 1283 1658 in
1292 1584 1436 1683 panaris
1448 1585 1495 1675 K,
1509 1586 1542 1674 1,
1552 1602 1761 1659 etoecurrat
1774 1583 1811 1658 in
1840 1599 1916 1661 tro.
1933 1617 1979 1679 ις.

461 1694 612 1792 punito
629 1694 782 1784 arettae
797 1693 873 1784 ΒΕ,
889 1689 973 1792 quae
988 1692 1193 1791 parabolam
1205 1693 1241 1770 in
1253 1696 1389 1795 punCto
1405 1698 1643 1797 Reontingit3
1661 1698 1812 1796 quadra·
1884 1742 1887 1748 ·

469 1826 558 1882 tum
575 1810 863 1908 ex·c0ntingente
881 1809 945 1884 BE
962 1808 1029 1883 erit
1045 1811 1090 1883 ad
1101 1811 1349 1908 reetangulum
1365 1811 1451 1885 KEI
1466 1830 1508 1886 ut
1522 1830 1721 1912 parameter
1735 1811 1813 1885 dia-

471 1924 585 1998 metri
612 1949 677 2024 per
703 1928 908 2001 contaetum
934 1928 963 1998 B
995 1923 1202 2000 transeuntis
1229 1925 1273 1997 ad
1299 1942 1541 2023 parametrum
1565 1924 1727 1999 diametri
1755 1923 1814 1999 eui

477 2031 600 2112 secans
624 2040 676 2112 Kl
700 2039 864 2113 ordinata
886 2030 946 2113 est.
997 2039 1160 2113 Ducatur
1182 2038 1276 2113 enim
1299 2039 1473 2113 diameter
1504 2039 1574 2113 ΕΙ)
1594 2057 1631 2112 et
1651 2057 1815 2141 occurrat

480 2176 601 2227 curvae
617 2153 653 2226 in
669 2154 720 2239 D,
733 2172 769 2226 et
785 2152 1000 2252 quadratum
1016 2175 1061 2225 ex
1072 2151 1135 2225 ΕΒ
1153 2151 1289 2250 aequale
1305 2151 1373 2226 erit
1389 2152 1595 2249 rellangulo
1611 2150 1675 2224 sub
1691 2150 1762 2223 ED
1777 2168 1817 2225 et

481 2283 680 2362 paranretro
702 2267 870 2341 diametri
897 2290 961 2366 per
987 2266 1192 2341 uontaEtum
1208 2264 1435 2356 transtuntis,
1459 2290 1522 2365 per
1542 2266 1624 2339 Cur.
1647 2287 1680 2340 1.
1704 2262 1814 2361 Prop.

484 2403 527 2453 ut
541 2412 554 2465 ς
570 2398 606 2452 et
621 2381 788 2477 perhanc
806 2382 915 2478 Prop.
927 2381 1173 2477 rettangulum
1190 2378 1274 2453 KEl
1293 2380 1432 2479 aequale
1449 2376 1653 2475 redtmgulo
1670 2375 1734 2451 sub
1745 2377 1816 2450 ED

484 2512 518 2566 et
534 2514 738 2591 parametm
761 2494 924 2569 diametri
946 2493 1007 2569 eui
1033 2494 1151 2568 secans
1171 2493 1226 2568 Kl
1243 2492 1406 2568 ordinata
1430 2489 1491 2566 est.
1534 2491 1633 2589 Ergo
1656 2488 1817 2566 Corolla-

321 2668 326 2676 .
481 2607 577 2682 rium
594 2615 675 2708 (per
696 2634 727 2686 1.
746 2610 801 2707 a)
819 2626 930 2711 patet.

920 2897 1090 2988 PRO
1121 2900 1168 2983 Ρ.
1231 2894 1351 2981 ΧΙΙΙ.

486 3116 528 3204 Si
545 3118 592 3201 ad
607 3118 845 3205 diametrum
865 3120 1057 3233 parabola
1076 3118 1270 3202 ducantur
1287 3115 1596 3211 duae'ordiuatae,
1614 3114 1688 3196 erit
1710 3140 1820 3224 para·

539 3262 667 3326 meter
681 3245 860 3329 diametri
875 3246 925 3328 ad
940 3244 1135 3327 summam
1146 3242 1412 3326 ordinatarum
1426 3258 1621 3323 utearum
1631 3238 1821 3322 differen-

539 3369 597 3449 tia
614 3369 662 3448 ad
674 3367 943 3451 differentiam
958 3366 1223 3450 absciffarum.

563 3507 819 3638 ARABdLru
845 3560 944 3637 Aue
962 3526 1004 3635 fit‘
1018 3561 1192 3636 diameter
1205 3556 1280 3650 BF,
1306 3578 1344 3633 et
1358 3553 1535 3634 ducantur
1551 3550 1596 3632 ad
1609 3546 1724 3658 ¹ipiam
1740 3556 1822 3631 duae
1850 3583 1927 3645 Fra.
1942 3580 1990 3643 ,6,

587 3675 757 3750 ordinata
783 3677 867 3765 DE,
893 3672 957 3753 CF
967 3711 979 3763 3
1004 3676 1071 3752 erit
1093 3694 1295 3775 parameter
1319 3672 1483 3752 diametri
1500 3674 1559 3748 BF
1584 3672 1629 3747 ad
1645 3670 1823 3748 summam

488 3783 727 3863 ordinatarum
740 3789 824 3879 ED,
850 3790 883 3864 F
880 3791 911 3865 G
924 3809 966 3864 ut
987 3813 1109 3866 earum
1126 3783 1326 3864 differentia
1344 3789 1390 3863 ad
1409 3788 1476 3863 EF
1494 3785 1734 3862 differentiam
1754 3787 1819 3861 ab·

488 3897 664 3975 scillarum
683 3901 755 3992 BF,
782 3904 855 3978 BE.

537 4017 591 4090 Sit
612 4020 706 4095 reeta
732 4019 764 4091 P
785 4037 983 4117 parameter
1006 4019 1169 4094 diametri
1194 4014 1280 4104 31²3
1314 4030 1352 4090 e't
1373 4039 1437 4115 per
1457 4014 1631 4116 punitum
1653 4010 1706 4102 D,
1733 4030 1824 4110 mter

488 4130 663 4206 verticem
679 4133 707 4205 B
725 4150 762 4206 et
775 4133 952 4230 punetum
969 4133 1000 4207 C
1019 4134 1185 4236 politum,
1203 4131 1354 4208 ducatur
1371 4130 1542 4205 diameter
1549 4129 1637 4218 DG,
1654 4129 1825 4204 ordinata

489 4243 520 4317 F
521 4244 552 4318 C
569 4245 605 4318 in
618 4249 755 4346 pundo
771 4248 806 4321 G
823 4271 1022 4322 occurrens.

538 4361 758 4435 Producatur
783 4356 813 4436 F
816 4363 859 4450 C,
886 4381 924 4436 et
946 4380 1067 4436 curvae
1094 4361 1224 4435 iterum
1245 4355 1285 4433 in
1305 4348 1441 4459 punito
1456 4359 1493 4433 A
1518 4372 1694 4432 occurrat.
1743 4346 1826 4430 Erit

491 4471 597 4571 igitur
606 4474 676 4548 AC
695 4475 806 4574 dupla
822 4471 992 4567 ordinata,
1010 4494 1048 4551 et
1062 4477 1178 4574 figura
1194 4475 1262 4550 EG
1275 4473 1651 4574 parallelogrammum
1665 4486 1730 4580 aet
1741 4493 1827 4568 pro-
1932 4516 1941 4544 0

492 4579 573 4652 inde
591 4581 672 4677 (34.
696 4583 745 4672 1.)
764 4577 795 4655 F
796 4580 832 4655 G
849 4582 996 4680 aequalis
1012 4582 1181 4657 ordinatae
1198 4574 1281 4669 ED,
1308 4602 1344 4653 et
1355 4578 1579 4682 segmentum
1595 4578 1668 4650 DG
1682 4576 1828 4682 aequalis

489 4683 593 4758 κᾶε
608 4685 673 4759 EF
675 4739 684 4758 .
735 4686 848 4762 Porro
864 4688 1034 4787 quoniam
1051 4687 1130 4760 sunt
1146 4686 1301 4782 aquales
1317 4683 1398 4774 AF,
1417 4683 1494 4772 FC,
1511 4685 1576 4758 erit
1592 4685 1664 4757 AG
1681 4684 1828 4782 aequalis

490 4791 640 4865 summa
657 4791 896 4869 ordinatarum
914 4796 999 4883 ED,
1016 4798 1079 4869 FC
1093 4786 1113 4880 ς’
1132 4813 1168 4867 et
1186 4792 1254 4867 GC
1272 4794 1417 4891 aequalis
1438 4790 1592 4890 ipsarum
1609 4789 1827 4865 differentia.

491 4898 758 4995 Restangulum
779 4923 865 4972 vero
884 4901 987 4974 AGC
1012 4899 1149 4999 aequale
1171 4898 1224 4973 est
1244 4898 1450 4995 retlaagulo
1473 4899 1536 4971 sub
1556 4897 1629 4970 DG
1647 4915 1681 4967 et
1698 4897 1740 4981 P,
1766 4914 1829 4993 per

490 5005 602 5104 Prop.
625 5027 682 5083 ta.
725 5006 825 5106 Ergo
841 5008 919 5106 (τό.
939 5008 995 5106 6.)
1014 5029 1053 5084 ut
1072 5009 1101 5082 P
1119 5024 1316 5184 {alrameter
1331 5005 1493 5082 diametri
1509 5005 1567 5079 BF
1585 5004 1628 5077 ad
1646 5001 1716 5075 AG
1735 5002 1827 5073 sum-

1157 5156 1159 5158 *
1731 5131 1828 5182 mam
