5184 6600
851 991 1039 1154 Caput¹
1066 991 1370 1112 Secundum.
1677 1029 1711 1146 3
1717 1028 1749 1151 5
1758 1027 1792 1152 5
1834 1118 1837 1121 ,

374 1353 376 1355 ¹
454 1245 524 1356 qui
542 1244 692 1326 diversas
722 1246 962 1354 temporibus
980 1262 1056 1328 tres
1075 1247 1192 1328 etiarn
1210 1246 1258 1327 de
1284 1244 1439 1327 Conicis
1467 1246 1636 1329 Libellos
1660 1248 1794 1340 edidit,
1852 1278 1893 1320 na
1919 1280 1961 1320 rr

455 1412 623 1493 quorum
642 1385 759 1494 primi
775 1365 1100 1492 atque‘noviffimi
1117 1387 1171 1465 ibi
1187 1387 1372 1467 *mentio
1391 1385 1490 1466 fasta
1507 1388 1575 1479 est,
1595 1389 1664 1468 ubi
1682 1389 1794 1498 deuiis
1866 1361 1952 1408 ³¹¹¹

453 1523 635 1613 diximus,
654 1523 795 1629 quibus
814 1525 1035 1605 Sedlionum
1052 1522 1273 1605 affectiones
1294 1553 1313 1604 e
1332 1525 1430 1605 Coni
1440 1527 1547 1636 ipſsus
1565 1547 1709 1609 natura
1728 1527 1793 1608 de-

452 1660 587 1741 rivare
605 1662 765 1771 placuit.
814 1658 887 1743 sed
905 1682 944 1745 et
964 1665 1065 1743 idern
1081 1663 1335 1743 arbitrabatur
1353 1663 1429 1753 ille,
1453 1664 1649 1769 juventuti
1673 1667 1793 1746 studi·

450 1800 522 1880 osae
540 1801 677 1881 melius
702 1829 857 1910 quoque
880 1801 1097 1883 consultum
1122 1802 1185 1895 iri,
1209 1801 1241 1889 ,fi
1269 1802 1461 1883 incorum
1479 1805 1641 1911 gratiam
1668 1807 1793 1887 trade-

313 1916 322 1922 ·
453 1958 558 2020 retur
577 1940 813 2020 Conicorum
842 1940 1025 2034 dodlrina,
1056 1940 1185 2049 posrtis
1211 1942 1328 2021 etiam
1351 1940 1400 2020 ab
1425 1941 1536 2027 initio
1557 1945 1793 2026 Semonibus

334 2122 337 2123 ν
451 2093 497 2156 ut
513 2078 553 2156 in
564 2080 679 2186 plano
697 2078 903 2190 descriptis.
972 2124 981 2132 ’
1328 2190 1331 2195 ¹

505 2214 572 2294 Ad
590 2215 799 2296 istiusmodi
819 2220 931 2328 Opus
951 2218 989 2299 se
1024 2218 1195 2299 accinxit
1211 2218 1355 2325 itaque,
1376 2218 1561 2312 multum,
1581 2236 1626 2300 ut
1643 2219 1793 2304 videtur

448 2376 617 2460 quoque,
630 2354 695 2433 -de
723 2382 769 2433 eo
787 2356 982 2448 sollicitus,
1018 2375 1063 2437 ut
1091 2354 1197 2465 quod
1222 2355 1293 2435 fibi
1318 2356 1556 2464 propofitum
1584 2354 1674 2443 effet
1705 2359 1791 2444 satis

390 2548 395 2563 ,
447 2491 640 2600 eleganter
667 2512 808 2600 ageret,
856 2496 988 2575 saltem
1027 2512 1071 2575 ut
1115 2523 1160 2575 ea
1188 2493 1377 2600 effugeret
1417 2494 1523 2588 vitia,
1566 2521 1615 2574 cx
1650 2499 1791 2604 quibus

449 2631 594 2712 Batavo
624 2617 701 2712 non
732 2633 786 2710 ita
816 2633 964 2741 pridem
987 2633 1027 2712 in
1051 2633 1183 2715 eadem
1206 2659 1319 2712 arena
1336 2633 1546 2714 exercitato
1575 2625 1642 2714 res'
1665 2636 1790 2716 omnia

449 2788 532 2850 tam
550 2770 650 2850 male
670 2771 836 2851 cederat.

444 2946 445 2949 κ
513 2910 624 3016 Qin
657 2926 697 2987 et
726 2911 766 2987 in
794 2909 886 3010 iis†
916 2933 1003 3014 quaa
1039 2905 1199 3018 perfecit
1236 2908 1368 3001 etiam,
1397 2906 1558 3017 pulchre
1590 2911 1721 2990 omnia
1752 2929 1792 2991 et

446 3045 613 3126 dilucide
635 3045 745 3125 abeo
763 3047 885 3154 posrta
909 3045 997 3139 effe,
1026 3045 1167 3155 absque
1192 3044 1429 3126 dubitatione
1456 3045 1697 3129 statuendum
1722 3051 1790 3130 est.

448 3188 550 3294 Qae
562 3211 696 3265 eorum
708 3183 914 3264 methodus
930 3186 985 3264 est
998 3203 1114 3294 atque
1129 3186 1238 3278 ratio,
1256 3186 1428 3293 primum
1444 3183 1493 3279 ab
1508 3213 1554 3280 eo
1569 3189 1792 3281 sectionum

383 3303 393 3319 ”
446 3326 589 3434 genefis
608 3352 656 3409 ex
674 3327 719 3405 iis
738 3326 903 3408 derivata
922 3325 992 3418 est,
1022 3353 1108 3433 quae
1125 3325 1174 3414 ad
1183 3326 1294 3433 socos
1319 3327 1523 3432 pertinent.
1573 3319 1638 3406 A‘d
1656 3319 1789 3410 Para-

443 3462 560 3545 bolam
590 3466 695 3546 enim
733 3464 1024 3557 conficiendam,
1066 3463 1230 3544 duarum
1259 3463 1445 3544 linearum
1469 3466 1682 3573 aequalitate
1708 3471 1790 3547 uti·

443 3623 524 3698 tur,
554 3632 719 3712 quarum
752 3604 800 3684 ab
836 3604 970 3684 eodem
989 3604 1030 3682 in
1048 3628 1166 3681 curva
1189 3604 1335 3709 pundto
1352 3601 1467 3681 altera
1487 3604 1534 3681 ad
1550 3605 1685 3710 focum
1714 3605 1789 3685 du·

439 3745 559 3833 citur,
588 3740 783 3822 direblrici
810 3742 927 3820 altera
948 3742 997 3819 ad
1019 3744 1140 3819 rectos
1165 3738 1339 3854 angulos.
1388 3738 1568 3817 Similiter
1592 3741 1641 3819 ad
1660 3741 1788 3850 Ellip-

439 3879 523 3959 sem
548 3877 832 3959 describendam
857 3897 923 3958 aut
949 3876 1233 3987 Hyperbolam,
1261 3872 1453 3954 notissima
1476 3900 1520 3952 ea
1547 3874 1719 3969 adhibet,
1749 3881 1790 3960 in

446 4018 580 4126 Elapst
600 4019 662 4098 axi
682 4017 885 4098 transverso
905 4017 1088 4124 aequalem
1106 4016 1180 4102 esse
1198 4015 1361 4095 duarum
1390 4012 1578 4110 linearum
1594 4014 1789 4112 suminam

446 4186 469 4238 a
494 4158 631 4267 quovis
667 4158 708 4237 in
734 4184 850 4236 curva
875 4159 1019 4266 pundto
1048 4156 1096 4236 ad
1106 4155 1214 4265 socos
1245 4154 1459 4256 ductarum,
1490 4154 1530 4233 in
1559 4153 1786 4263 Hyperbola,

440 4298 651 4377 earundem
675 4296 941 4376 differentiam.
979 4297 1173 4389 -omnino
1197 4295 1302 4374 enim
1328 4292 1558 4401 punctorum
1581 4319 1667 4399 ope,
1702 4322 1789 4402 quae

443 4434 629 4542 pofitione
648 4435 735 4521 data
754 4436 840 4527 sant,
871 4436 1061 4514 sectiones
1081 4437 1120 4529 in
1138 4433 1255 4543 plano
1271 4430 1532 4515 describendas
1551 4430 1623 4511 effe
1643 4432 1786 4530 statuit,

488 4787 503 4818 ⁹
526 4778 601 4839 Vide
628 4780 703 4858 Cap.
722 4801 750 4840 2.
772 4802 842 4861 pag.
866 4802 934 4860 343.
1121 4793 1141 4855 -†
1164 4781 1239 4841 Vide
1260 4782 1335 4841 illius
1360 4784 1524 4845 Tradatum
1544 4782 1591 4863 qul
1612 4781 1783 4851 inscribitur,

441 4882 468 4923 μ
485 4876 647 4962 Nouveaux
662 4879 793 4939 Elemcna
807 4880 867 4940 Dea
883 4880 1006 4941 Sedions
1022 4877 1198 4956 Coniques.’'
1219 4880 1235 4939 a
1251 4879 1328 4940 Paris
1346 4880 1430 4961 1679.

1027 4981 1153 5086 sz
1740 5000 1785 5076 ut
