5184 6600
851 936 966 1088 338
1035 936 1133 1049 De
1160 881 1449 1053 Senianum
1477 930 1782 1050 Conicarum
1810 932 2100 1080 Dosirrirm

845 1327 1072 1434 quadratum
1091 1355 1138 1407 ex
1157 1330 1242 1406 AO
1263 1327 1310 1404 ad
1323 1329 1586 1436 restangulum
1600 1331 1722 1407 BOC
1738 1328 1921 1407 rationem
1940 1326 2055 1408 habet
2075 1356 2190 1408 com·

846 1469 1006 1575 positam
1026 1498 1075 1548 ex
1090 1469 1231 1547 ratione
1252 1494 1371 1573 quam
1390 1467 1448 1546 Pl
1469 1465 1584 1546 habet
1602 1467 1650 1545 ad
1668 1468 1747 1558 IL,
1775 1486 1879 1547 etex
1903 1469 1946 1545 est
1976 1495 2094 1576 quam
2123 1468 2190 1544 EI

844 1605 960 1687 habet
979 1607 1026 1687 ad
1047 1609 1126 1687 IK.
1172 1609 1278 1711 Ergo
1296 1623 1341 1683 ut
1363 1603 1437 1682 PE
1452 1606 1499 1685 ad
1519 1608 1621 1698 EN,
1641 1605 1716 1686 hoc
1734 1607 1788 1686 est
1810 1609 1871 1712 (4.
1885 1609 1947 1714 6.)
1970 1610 2030 1688 Pl
2051 1608 2098 1686 ad
2120 1609 2218 1712 IQ

833 1746 898 1837 ,ita
917 1747 1180 1853 restangulum
1201 1747 1307 1825 PIE
1327 1743 1374 1822 ad
1390 1745 1652 1852 rectangulum
1670 1744 1802 1837 K1L;
1823 1764 1862 1824 et
1879 1746 2037 1852 proinde
2053 1754 2112 1856 (1.
2127 1747 2187 1851 ό.)

847 1884 997 1992 sumpta
1015 1886 1214 1964 communi
1231 1883 1430 1963 altitudine
1448 1885 1466 1961 1
1481 1885 1534 1974 E,
1560 1901 1604 1961 ut
1622 1880 1890 1989 restangulum
1911 1884 2011 1961 PIE
2032 1881 2080 1960 ad
2102 1910 2189 1962 rec·

847 2025 1049 2131 tangulum
1069 2027 1183 2118 QIE
1204 2025 1257 2102 ita
1276 2012 1540 2128 restangulum
1567 2021 1668 2100 PIE
1696 2020 1743 2099 ad
1772 2020 2035 2127 rectangulum
2064 2022 2188 2100 KIL.

849 2162 924 2242 Sed
943 2164 1172 2271 quadratum
1190 2190 1238 2241 ex
1257 2162 1327 2240 GI
1353 2160 1574 2267 restangulo
1605 2160 1715 2239 KIL
1749 2153 1790 2270 (3
1796 2186 1835 2267 5.
1860 2160 1918 2270 3.)
1950 2159 2092 2268 aequale
2120 2160 2188 2253 est,
2313 2192 2316 2196 ⁴

847 2319 887 2383 et
906 2302 1048 2383 idcirco
1067 2303 1209 2410 aequale
1230 2301 1450 2409 rectangulo
1469 2300 1583 2407 EQ

896 2443 959 2520 Ex
972 2439 1074 2520 hisce
1089 2440 1387 2549 propositionem
1406 2439 1512 2518 suam
1531 2435 1796 2516 duodecimam
1815 2435 2047 2519 demonstrat
2063 2441 2097 2519 A
2102 2441 2190 2547 pol·

848 2577 971 2659 ionius
995 2598 1035 2658 et
1062 2578 1252 2658 decimam
1271 2576 1436 2670 tertiam,
1467 2601 1632 2683 quarum
1657 2576 1781 2684 prima
1809 2575 1856 2654 de
1875 2577 2100 2686 Hyperbola,
2131 2579 2192 2658 al-

848 2737 931 2797 tera
949 2717 996 2796 de
1014 2716 1148 2826 Ellipst
1162 2717 1258 2822 agit,
1284 2715 1424 2823 quibus
1444 2713 1600 2794 subinde
1618 2714 1839 2794 nominibus
1860 2718 2051 2797 sectiones
2067 2696 2193 2824 defig-
2264 2704 2266 2708 ⁵

848 2871 941 2947 nat3
969 2872 1139 2962 porroet
1157 2853 1296 2931 lineam
1317 2852 1419 2943 EN,
1440 2867 1485 2930 ut
1502 2849 1612 2960 supra
1630 2851 1672 2930 in
1690 2850 1896 2946 Parabola,
1919 2855 2018 2933 latus
2036 2859 2195 2947 redum,

716 2962 722 2972 ’
848 2990 990 3072 lineam
1010 2992 1086 3071 PE
1106 2992 1205 3070 latus
1223 2991 1478 3100 transverstem
1498 2988 1677 3098 appellat.
1718 2991 1839 3099 Qud
1857 3009 1901 3070 ut
1919 2991 2064 3073 fastum
2082 2994 2197 3089 est,e

850 3131 1010 3239 vestigio
1025 3131 1187 3211 ostendit
1205 3132 1233 3211 fi
1251 3132 1410 3240 planum
1429 3127 1649 3238 hyperbolae
1667 3129 1898 3237 producatur
1916 3132 1982 3224 ita,
1995 3150 2041 3212 ut
2059 3133 2195 3240 super·

851 3271 983 3352 ficiem
1014 3268 1227 3379 oppositam
1256 3267 1371 3362 secet,
1411 3267 1524 3348 aliam
1562 3295 1717 3377 quoque
1750 3268 1891 3349 confici
1927 3268 2194 3379 hyperbolem,

852 3438 972 3520 quam
995 3407 1070 3490 uni
1093 3435 1185 3488 cum
1214 3406 1338 3518 prims
1351 3410 1533 3518 sessiones
1557 3414 1732 3520 oppfftas
1758 3429 1900 3491 vocat:
1949 3430 1988 3490 et
2020 3412 2197 3492 sectionis

851 3548 1028 3630 utriusvis
1050 3522 1290 3624 'dimetrum
1323 3547 1432 3642 EM,
1460 3575 1546 3655 quae
1576 3549 1675 3628 intra
1707 3576 1852 3630 conum
1876 3549 1946 3642 est,
1974 3547 2196 3632 drumetrum

691 3727 693 3729 ’
851 3715 897 3766 ex
911 3684 1160 3793 generatione,
1189 3685 1227 3765 be
1252 3684 1308 3780 rie
1332 3684 1517 3791 γεννήσεως,
1546 3689 1733 3767 nominat.
1781 3689 1907 3769 Nullo
1936 3686 2010 3767 sere
2040 3693 2198 3798 negotio

851 3824 986 3904 deinde
1004 3850 1072 3931 per
1091 3818 1277 3928 triangula
1295 3820 1442 3912 omitia,
1458 3839 1498 3901 et
1518 3827 1708 3908 rationum
1728 3829 1973 3935 aequalitates,
1987 3830 2197 3914 sectionum

850 3963 1109 4073 opposrtarum
1132 3960 1246 4039 latera
1264 3962 1366 4038 reesa
1385 3961 1521 4068 probat
1540 3965 1640 4042 inter
1657 3965 1694 4044 se
1715 3966 1872 4072 aequalia
1890 3966 1977 4047 esse.

908 4103 963 4181 Et
979 4099 1039 4182 hae
1057 4101 1144 4179 sunt
1161 4098 1429 4179 tantummodo
1449 4100 1657 4182 sestionum
1677 4101 1898 4182 affectiones
1919 4104 2011 4195 istae,
2032 4131 2128 4212 quas
2148 4128 2196 4186 ex

853 4240 941 4318 coni
959 4238 1073 4347 ipsus
1091 4236 1224 4318 naturai
1242 4236 1470 4346 Apollonius
1500 4239 1840 4322 elicit—Abhinc
1870 4242 2050 4323 sectiones
2082 4222 2196 4324 exhi-

853 4375 947 4457 bens
977 4379 1018 4455 in
1047 4374 1164 4485 plano
1189 4376 1340 4484 pofitas,
1369 4403 1418 4456 ex
1444 4376 1709 4458 affectionibus
1737 4377 1854 4473 hisce,
1885 4409 1969 4488 quae
1988 4381 2199 4490 sequuntur

854 4540 925 4620 pro
942 4516 1038 4594 veris
1057 4539 1211 4621 quoque
1235 4513 1415 4597 sumenda
1435 4517 1509 4598 effe
1527 4519 1770 4600 demonstrat.
1820 4526 1920 4630 Qae
1950 4523 1990 4600 in
2014 4523 2197 4604 Parabola

786 4650 793 4662 ”
854 4652 902 4731 ad
923 4651 1151 4732 diametmm
1173 4681 1221 4732 ex
1237 4659 1481 4762 generatione
1499 4658 1683 4769 spectant,
1712 4662 1752 4740 in
1783 4659 1938 4768 reliquis
1968 4662 2197 4744 sectionibus

855 4791 903 4871 ad
921 4817 1007 4872 eam
1026 4809 1064 4872 et
1082 4790 1163 4898 ejus
1182 4794 1440 4906 conjugatam,
1466 4800 1602 4883 tractat
1619 4797 1731 4882 unice
1749 4800 1867 4910 usque
1886 4800 1934 4879 ad
1952 4799 2067 4882 Libri
2083 4801 2200 4909 primi

1893 4940 2200 5050 Propositionem
