5184 6600
736 1083 737 1086 Ὺ
818 994 895 1110 72
1061 942 1982 1077 Senonumcom‘car'um.L1n11.

1218 1294 1315 1376 PR
1348 1295 1386 1373 O
1418 1298 1465 1377 P.
1529 1297 1727 1378 XXVlll.

642 1490 717 1553 1²10.
733 1510 781 1570 3¹·
809 1477 851 1559 Si
871 1477 957 1563 du‘ae
978 1486 1090 1564 redte
1111 1483 1201 1577 ΑΒ,
1226 1483 1298 1562 CE
1315 1484 1542 1590 parabolam
1560 1484 1669 1563 ΑΒΕ
1688 1485 1728 1563 in
1751 1484 1907 1592 punt'lis
1924 1484 1977 1579 A,
1999 1489 2153 1569 Ccon·
2199 1488 2203 1492 ’

870 1605 1084 1712 tingentes,
1100 1606 1171 1685 sibi
1192 1606 1366 1684 invicem
1385 1626 1593 1686 occurrant
1613 1605 1653 1683 in
1669 1610 1816 1714 pundo
1837 1611 1888 1700 E,
1908 1626 1947 1687 et
1960 1609 2168 1719 jungatur⁴

864 1728 968 1822 AC3
1000 1729 1091 1807 dico
1120 1727 1323 1836 segmento
1351 1730 1578 1836 parabolico
1609 1729 1717 1809 ΑΒΕ
1739 1730 1900 1810 inscribi
1919 1733 2025 1837 posse
2045 1733 2153 1843 ligu-

870 1877 952 1928 ram
975 1852 1236 1945 rectilineum,
1264 1879 1353 1959 quae
1374 1853 1423 1932 ab
1442 1879 1489 1931 eo
1510 1850 1667 1932 deficiet
1696 1852 1819 1960 spatio
1839 1853 1993 1932 minore
2012 1857 2156 1963 quovis

868 1973 961 2051 dato
981 1974 1104 2081 spatio
1121 1973 1188 2065 03
1221 1976 1280 2050 vel
1303 1972 1397 2054 huic
1418 1975 1619 2083 segmento
1639 1976 1862 2083 parabolico
1883 1977 2157 2059 circumscribi

870 2094 973 2203 posse
989 2096 1155 2205 figuram
1172 2096 1428 2190 moniacam,
1445 2125 1536 2207 quae
1552 2124 1573 2175 a
1590 2095 1714 2204 figurd
1733 2098 1897 2192 EABC,
1923 2101 2035 2179 redis
2058 2102 2153 2197 ΑΒ,
2295 2155 2304 2159 >

871 2219 943 2296 CE
964 2238 1003 2297 et
1022 2220 1142 2298 curvi
1163 2220 1342 2299 sectionis
1362 2219 1660 2330 comprehensi,
1677 2219 1834 2301 deliciet
1853 2219 1977 2331 spatio
1997 2225 2152 2305 minore

870 2346 1010 2447 quovis
1032 2344 1124 2421 dato
1144 2342 1269 2451 spatio
1289 2341 1343 2423 O.

811 2557 901 2629 Pars
919 2557 950 2631 Ι.
1052 2556 1120 2629 ER
1135 2557 1310 2655 pundum
1328 2556 1522 2629 Educatur
1538 2555 1713 2629 diameter
1729 2555 1814 2644 ΕΙ),
1829 2581 1950 2630 curvae
1963 2558 1998 2631 in
2017 2563 2154 2657 pundo

1076 2672 1118 2756 B,
1143 2671 1248 2742 rellae
1267 2694 1355 2744 vero
1371 2672 1441 2743 AC
1470 2669 1506 2742 in
1531 2671 1566 2742 D
1589 2693 1787 2746 occurrens.
1840 2669 1911 2741 Per
1932 2669 2103 2744 verticem
2126 2676 2163 2748 Β,

810 2782 963 2857 ducatur
975 2784 1069 2856 reda
1086 2783 1151 2855 FG
1165 2783 1229 2880 ipsr
1247 2784 1316 2856 Ac
1333 2782 1514 2881 parallelo,
1530 2800 1565 2855 et
1582 2803 1744 2857 occurrat
1761 2783 2049 2881 contingentibus
2068 2788 2154 2889 AB,

811 2896 877 2970 ΟΕ
888 2899 925 2971 in
935 2900 978 2986 F,
995 2898 1042 2971 G.
1071 2898 1273 2993 Jungantur
1285 2899 1366 2985 AB,
1380 2898 1454 2971 CB.
1481 2897 1594 2970 Reda
1604 2897 1714 2995 igitur
1725 2897 1793 2973 AC
1805 2895 1871 2968 erit
1884 2896 1995 2995 dupla
2008 2898 2157 2973 ordina·

812 3033 848 3085 ta
859 3013 1033 3087 diametro
1045 3014 1127 3098 Eu,
1140 3036 1203 3109 per
1215 3013 1341 3085 Cor.r.
1357 3012 1454 3112 Prop
1480 3032 1520 3109 53
1539 3031 1649 3116 etper
1661 3015 1745 3086 Cor.
1762 3036 1796 3087 1.
1810 3014 1915 3110 Prop.
1930 3033 1964 3106 3.
1978 3013 2155 3087 restaFG

810 3130 994 3227 continget
1017 3128 1225 3227 parabolam
1237 3161 1248 3212 ς
1276 3146 1313 3201 et
1334 3152 1399 3227 per
1422 3130 1529 3227 Prop.
1550 3131 1584 3202 6.
1604 3127 1828 3225 segmentum
1851 3128 1914 3199 ΕΒ
1932 3126 1998 3200 erit
2014 3127 2154 3225 aeqoale

810 3242 961 3318 abscissae
983 3246 1080 3329 BDe
1100 3264 1137 3316 et
1158 3243 1308 3341 proinde
1332 3244 1552 3341 triangulum
1573 3241 1685 3316 Anu
1698 3244 1715 3339 (
1721 3246 1778 3336 38.
1803 3241 1852 3329 1.)
1871 3238 2011 3340 aequalc
2027 3238 2077 3312 est
2092 3239 2155 3314 tri·

809 3356 941 3454 angulo
957 3357 1070 3443 ΕΒΑ,
1095 3356 1317 3453 triangulum
1337 3380 1424 3430 vem
1436 3355 1542 3429 CBD
1564 3355 1747 3455 triangulo
1761 3354 1871 3428 EBC.
1924 3355 2025 3451 Ergo
2041 3355 2155 3429 trian-

809 3472 939 3568 gulum
955 3473 1055 3546 ABC
1073 3471 1271 3545 dimidium·
1284 3471 1335 3546 est
1349 3471 1517 3570 trianguli
1535 3471 1650 3571 ΑΒΕ,
1675 3489 1713 3544 et
1733 3469 1883 3570 proinde
1906 3466 2021 3566 majus
2040 3467 2155 3542 dimi·

810 3583 872 3657 dio
889 3584 1061 3683 segmenti
1084 3583 1277 3683 parabolici
1303 3587 1416 3662 ABC.
1466 3584 1614 3672 Rursus,
1630 3608 1696 3682 per
1718 3584 1851 3682 pundla
1867 3583 1912 3672 F,
1928 3583 1965 3657 G
1982 3582 2156 3656 ducantur

810 3695 976 3771 diametri
993 3697 1080 3785 FH,
1098 3698 1184 3784 GK,
1202 3720 1323 3772 curvae
1336 3698 1373 3772 in
1388 3699 1529 3799 punitis
1546 3701 1575 3788 1,
1591 3703 1641 3792 L,
1651 3699 1754 3772 redlia
1771 3723 1860 3774 vero
1878 3700 1954 3786 ΑΒ,
1971 3699 2034 3771 CB
2047 3697 2084 3770 in
2097 3698 2155 3786 H,

810 3811 847 3883 K
862 3832 1108 3898 occurrentes;
1134 3831 1171 3886 et
1179 3810 1381 3910 jungantur
1396 3815 1465 3903 AI,
1483 3814 1545 3901 ΙΒ,
1563 3814 1642 3900 BL,
1656 3813 1737 3887 LC.
1789 3815 1891 3887 Tum
1908 3812 2036 3886 eodem
2052 3834 2154 3911 pror-
2283 3812 2288 3823 '

811 3924 867 4000 sus
880 3929 990 4001 modo
1004 3928 1301 4003 demonstrabitur
1314 3928 1536 4028 triangulum
1553 3929 1643 4001 AlB
1659 3924 1773 4027 majus
1790 3928 1857 4001 esse
1879 3924 2030 4000 dimidio
2047 3948 2154 4023 para·

811 4041 920 4114 bolici
936 4041 1112 4140 segmenti
1124 4043 1209 4116 ΑΙΒ
1218 4076 1232 4128 3
1260 4041 1483 4141 triangulum
1499 4044 1694 4116 vero-BLC
1708 4039 1823 4140 majus
1834 4039 1989 4139 dimidio
1998 4039 2154 4136 parabo·

811 4154 871 4229 lici
885 4153 1055 4254 segmenti
1070 4158 1176 4231 1le.
1212 4156 1420 4232 Similitersr
1437 4156 1668 4232 inscribantur
1680 4153 1874 4255 segmentis
1886 4153 2032 4252 reliquis
2046 4152 2156 4226 trion·

810 4268 909 4366 gula,
935 4288 1039 4343 erunt
1061 4266 1198 4370 majora
1218 4268 1376 4344 dimidiis
1399 4269 1662 4369 segmentorum
1674 4301 1690 4356 r
1713 4287 1751 4343 et
1773 4267 1799 4340 fi
1822 4266 1892 4341 hoc
1916 4263 2054 4361 semper
2079 4265 2156 4370 fiat,

810 4384 966 4458 excessus
979 4381 1153 4484 segmenti
1164 4383 1359 4483 parabolici
1371 4384 1474 4487 supra
1483 4386 1640 4484 liguram
1653 4382 1868 4485 inscriptam,
1877 4381 2023 4459 tandem
2033 4378 2156 4454 minor

811 4498 877 4571 erit
894 4502 949 4599 (r.
972 4506 1045 4591 ro.)
1063 4501 1177 4600 spatio
1193 4503 1279 4575 dato
1295 4503 1344 4576 0.

713 4613 715 4621 ’
845 4610 938 4685 Pars
953 4613 1003 4686 ll.
1021 4608 1336 4712 Manentibusjam
1350 4611 1485 4714 politis,
1494 4612 1671 4714 quoniam·
1679 4612 1756 4701 ΒΒ,
1769 4612 1835 4686 BD
1848 4611 1927 4686 sunt
1937 4607 2105 4707 aequales,
2118 4623 2159 4682 et

811 4723 893 4814 FG,
918 4726 987 4800 AC
1003 4725 1194 4826 parallelae,
1220 4745 1324 4801 erunt
1340 4728 1430 4803 inter
1445 4725 1480 4801 l'e
1492 4727 1646 4825 aequales
1661 4727 1741 4816 AF,
1760 4725 1825 4800 ΒΕ
1842 4730 1896 4817 (2.
1917 4721 1972 4811 6.)
1990 4720 2156 4819 itemque

811 4837 893 4925 CG,
918 4840 1000 4916 GE.
1052 4842 1174 4938 Qrare
1195 4840 1415 4940 triangulum
1438 4841 1533 4919 EFB
1561 4841 1699 4941 aequele
1714 4839 1765 4914 est
1789 4843 1870 4940 (38.
1896 4844 1946 4930 r.)
1974 4835 2166 4934 triangulo-

667 5039 669 5044 .
811 4954 925 5044 AFB,
950 4953 1168 5055 triangulum
1194 4978 1281 5032 uero
1305 4954 1407 5035 EGB
1436 4955 1619 5056 triangulo
1641 4957 1753 5037 CGB.
1803 4954 1914 5056 Ergo
1929 4949 2156 5051 triangulum
