<?xml version="1.0" encoding="UTF-8"?>
<!DOCTYPE html PUBLIC "-//W3C//DTD XHTML 1.0 Transitional//EN"
    "http://www.w3.org/TR/xhtml1/DTD/xhtml1-transitional.dtd">
<html xmlns="http://www.w3.org/1999/xhtml" xml:lang="en" lang="en">
 <head>
  <title>
</title>
<meta http-equiv="Content-Type" content="text/html;charset=utf-8" />
  <meta name='ocr-system' content='tesseract 3.04.00' />
  <meta name='ocr-capabilities' content='ocr_page ocr_carea ocr_par ocr_line ocrx_word'/>
</head>
<body>
  <div class='ocr_page' id='page_1' title='image "./sectionumconica00robegoog_0438.png"; bbox 0 0 5184 6600; ppageno 0'>
   <div class='ocr_carea' id='block_1_1' title="bbox 876 948 1830 1128">
    <p class='ocr_par' dir='ltr' id='par_1_1' title="bbox 876 873 1830 1128">
     <span class='ocr_line' id='line_1_1' title="bbox 876 948 1830 1128; baseline 0.006 -46"><span class='ocrx_word' id='word_1_1' title='bbox 876 948 1051 1128; x_wconf 75' lang='lat' dir='ltr'>Caput</span> <span class='ocrx_word' id='word_1_2' title='bbox 1091 957 1340 1110; x_wconf 78' lang='lat' dir='ltr'>Tertium.</span> <span class='ocrx_word' id='word_1_3' title='bbox 1664 1005 1830 1126; x_wconf 35' lang='lat'>3711</span> 
     </span>
    </p>
   </div>
   <div class='ocr_carea' id='block_1_2' title="bbox 378 1187 1960 4831">
    <p class='ocr_par' dir='ltr' id='par_1_2' title="bbox 437 1187 1960 1898">
     <span class='ocr_line' id='line_1_2' title="bbox 440 1187 1960 1334; baseline -0.007 -30"><span class='ocrx_word' id='word_1_4' title='bbox 440 1218 626 1304; x_wconf 88' lang='lat' dir='ltr'>Methodi</span> <span class='ocrx_word' id='word_1_5' title='bbox 649 1220 874 1306; x_wconf 84' lang='lat' dir='ltr'>Fluxionum</span> <span class='ocrx_word' id='word_1_6' title='bbox 894 1250 981 1333; x_wconf 89' lang='lat' dir='ltr'>ope,</span> <span class='ocrx_word' id='word_1_7' title='bbox 1009 1223 1056 1304; x_wconf 89' lang='lat' dir='ltr'>ad</span> <span class='ocrx_word' id='word_1_8' title='bbox 1082 1222 1244 1334; x_wconf 89' lang='lat' dir='ltr'>scopum</span> <span class='ocrx_word' id='word_1_9' title='bbox 1271 1215 1488 1303; x_wconf 80' lang='lat' dir='ltr'>accuratius</span> <span class='ocrx_word' id='word_1_10' title='bbox 1511 1217 1639 1302; x_wconf 92' lang='lat' dir='ltr'>multo</span> <span class='ocrx_word' id='word_1_11' title='bbox 1664 1187 1784 1332; x_wconf 81' lang='lat' dir='ltr'>quam</span> <span class='ocrx_word' id='word_1_12' title='bbox 1818 1251 1960 1295; x_wconf 71' lang='lat' dir='ltr'>raemo-</span> 
     </span>
     <span class='ocr_line' id='line_1_3' title="bbox 441 1335 1941 1475; baseline 0 -31"><span class='ocrx_word' id='word_1_13' title='bbox 441 1380 564 1456; x_wconf 86' lang='lat' dir='ltr'>antea,</span> <span class='ocrx_word' id='word_1_14' title='bbox 592 1363 641 1444; x_wconf 91' lang='lat' dir='ltr'>ab</span> <span class='ocrx_word' id='word_1_15' title='bbox 677 1364 723 1444; x_wconf 85' lang='lat' dir='ltr'>iis</span> <span class='ocrx_word' id='word_1_16' title='bbox 761 1363 1002 1445; x_wconf 86' lang='lat' dir='ltr'>collimatum</span> <span class='ocrx_word' id='word_1_17' title='bbox 1035 1364 1105 1446; x_wconf 89' lang='lat' dir='ltr'>est.</span> <span class='ocrx_word' id='word_1_18' title='bbox 1172 1365 1233 1444; x_wconf 73' lang='lat' dir='ltr'>ita</span> <span class='ocrx_word' id='word_1_19' title='bbox 1263 1364 1433 1473; x_wconf 82' lang='lat' dir='ltr'>exempli</span> <span class='ocrx_word' id='word_1_20' title='bbox 1464 1363 1598 1471; x_wconf 87' lang='lat' dir='ltr'>gratia,</span> <span class='ocrx_word' id='word_1_21' title='bbox 1635 1364 1784 1445; x_wconf 90' lang='lat' dir='ltr'>nemini</span> <span class='ocrx_word' id='word_1_22' title='bbox 1850 1335 1941 1475; x_wconf 55' lang='lat' dir='ltr'>dii·</span> 
     </span>
     <span class='ocr_line' id='line_1_4' title="bbox 438 1496 1959 1616; baseline 0.001 -32"><span class='ocrx_word' id='word_1_23' title='bbox 438 1501 557 1585; x_wconf 88' lang='lat' dir='ltr'>hodie</span> <span class='ocrx_word' id='word_1_24' title='bbox 591 1531 670 1585; x_wconf 93' lang='lat' dir='ltr'>non</span> <span class='ocrx_word' id='word_1_25' title='bbox 702 1503 863 1597; x_wconf 90' lang='lat' dir='ltr'>constat,</span> <span class='ocrx_word' id='word_1_26' title='bbox 892 1507 1031 1587; x_wconf 73' lang='lat' dir='ltr'>reitiuo</span> <span class='ocrx_word' id='word_1_27' title='bbox 1063 1507 1237 1598; x_wconf 88' lang='lat' dir='ltr'>omnino,</span> <span class='ocrx_word' id='word_1_28' title='bbox 1268 1535 1387 1616; x_wconf 89' lang='lat' dir='ltr'>quam</span> <span class='ocrx_word' id='word_1_29' title='bbox 1416 1506 1511 1587; x_wconf 88' lang='lat' dir='ltr'>olim</span> <span class='ocrx_word' id='word_1_30' title='bbox 1540 1503 1687 1587; x_wconf 67' lang='lat' dir='ltr'>fadum</span> <span class='ocrx_word' id='word_1_31' title='bbox 1713 1506 1781 1598; x_wconf 90' lang='lat' dir='ltr'>est,</span> <span class='ocrx_word' id='word_1_32' title='bbox 1819 1496 1959 1615; x_wconf 51' lang='lat' dir='ltr'>”Rffl</span> 
     </span>
     <span class='ocr_line' id='line_1_5' title="bbox 437 1641 1784 1756; baseline 0.003 -34"><span class='ocrx_word' id='word_1_33' title='bbox 437 1643 602 1752; x_wconf 84' lang='lat' dir='ltr'>exprimi</span> <span class='ocrx_word' id='word_1_34' title='bbox 638 1643 814 1724; x_wconf 81' lang='lat' dir='ltr'>diametri</span> <span class='ocrx_word' id='word_1_35' title='bbox 850 1644 900 1723; x_wconf 90' lang='lat' dir='ltr'>ad</span> <span class='ocrx_word' id='word_1_36' title='bbox 936 1641 1289 1727; x_wconf 83' lang='lat' dir='ltr'>circumferentiam</span> <span class='ocrx_word' id='word_1_37' title='bbox 1327 1647 1529 1740; x_wconf 87' lang='lat' dir='ltr'>rationem,</span> <span class='ocrx_word' id='word_1_38' title='bbox 1568 1647 1598 1728; x_wconf 86' lang='lat' dir='ltr'>fi</span> <span class='ocrx_word' id='word_1_39' title='bbox 1637 1673 1707 1756; x_wconf 90' lang='lat' dir='ltr'>pro</span> <span class='ocrx_word' id='word_1_40' title='bbox 1740 1673 1784 1726; x_wconf 86' lang='lat' dir='ltr'>ea</span> 
     </span>
     <span class='ocr_line' id='line_1_6' title="bbox 437 1784 1287 1898; baseline 0.011 -37"><span class='ocrx_word' id='word_1_41' title='bbox 437 1801 604 1893; x_wconf 88' lang='lat' dir='ltr'>ponatur</span> <span class='ocrx_word' id='word_1_42' title='bbox 621 1784 778 1864; x_wconf 85' lang='lat' dir='ltr'>unitatis</span> <span class='ocrx_word' id='word_1_43' title='bbox 798 1787 895 1866; x_wconf 85' lang='lat' dir='ltr'>ratio</span> <span class='ocrx_word' id='word_1_44' title='bbox 913 1785 963 1865; x_wconf 89' lang='lat' dir='ltr'>ad</span> <span class='ocrx_word' id='word_1_45' title='bbox 984 1811 1188 1898; x_wconf 83' lang='lat'>3·141592</span> <span class='ocrx_word' id='word_1_46' title='bbox 1208 1789 1287 1870; x_wconf 74' lang='lat' dir='ltr'>&amp;o</span> 
     </span>
    </p>

    <p class='ocr_par' dir='ltr' id='par_1_3' title="bbox 435 1920 1843 2872">
     <span class='ocr_line' id='line_1_7' title="bbox 493 1920 1781 2037; baseline 0.002 -35"><span class='ocrx_word' id='word_1_47' title='bbox 493 1925 572 2003; x_wconf 91' lang='lat' dir='ltr'>Pro</span> <span class='ocrx_word' id='word_1_48' title='bbox 591 1920 812 2034; x_wconf 83' lang='lat' dir='ltr'>Hyperbolae</span> <span class='ocrx_word' id='word_1_49' title='bbox 842 1925 1086 2033; x_wconf 86' lang='lat' dir='ltr'>quadratura,</span> <span class='ocrx_word' id='word_1_50' title='bbox 1116 1927 1469 2037; x_wconf 81' lang='lat' dir='ltr'>approximationem</span> <span class='ocrx_word' id='word_1_51' title='bbox 1498 1926 1646 2037; x_wconf 87' lang='lat' dir='ltr'>primus</span> <span class='ocrx_word' id='word_1_52' title='bbox 1675 1923 1781 2005; x_wconf 89' lang='lat' dir='ltr'>ordi-</span> 
     </span>
     <span class='ocr_line' id='line_1_8' title="bbox 435 2063 1781 2179; baseline -0.001 -36"><span class='ocrx_word' id='word_1_53' title='bbox 435 2064 543 2143; x_wconf 87' lang='lat' dir='ltr'>navit</span> <span class='ocrx_word' id='word_1_54' title='bbox 582 2063 653 2143; x_wconf 81' lang='lat' dir='ltr'>D¹.</span> <span class='ocrx_word' id='word_1_55' title='bbox 685 2063 915 2169; x_wconf 82' lang='lat' dir='ltr'>Viceeomes</span> <span class='ocrx_word' id='word_1_56' title='bbox 950 2068 1185 2179; x_wconf 74' lang='lat' dir='ltr'>Brouneker,</span> <span class='ocrx_word' id='word_1_57' title='bbox 1226 2099 1312 2152; x_wconf 87' lang='lat' dir='ltr'>eam</span> <span class='ocrx_word' id='word_1_58' title='bbox 1332 2085 1406 2178; x_wconf 86' lang='lat' dir='ltr'>per</span> <span class='ocrx_word' id='word_1_59' title='bbox 1428 2067 1551 2178; x_wconf 78' lang='lat' dir='ltr'>strias</span> <span class='ocrx_word' id='word_1_60' title='bbox 1582 2065 1621 2145; x_wconf 87' lang='lat' dir='ltr'>in</span> <span class='ocrx_word' id='word_1_61' title='bbox 1652 2064 1781 2173; x_wconf 81' lang='lat' dir='ltr'>infini-</span> 
     </span>
     <span class='ocr_line' id='line_1_9' title="bbox 440 2192 1783 2314; baseline 0 -33"><span class='ocrx_word' id='word_1_62' title='bbox 440 2192 522 2282; x_wconf 86' lang='lat' dir='ltr'>tum</span> <span class='ocrx_word' id='word_1_63' title='bbox 552 2223 817 2314; x_wconf 84' lang='lat' dir='ltr'>convergmtes</span> <span class='ocrx_word' id='word_1_64' title='bbox 846 2207 1065 2289; x_wconf 85' lang='lat' dir='ltr'>instituens.</span> <span class='ocrx_word' id='word_1_65' title='bbox 1124 2209 1339 2290; x_wconf 90' lang='lat' dir='ltr'>Methodus</span> <span class='ocrx_word' id='word_1_66' title='bbox 1377 2206 1441 2287; x_wconf 87' lang='lat' dir='ltr'>illa</span> <span class='ocrx_word' id='word_1_67' title='bbox 1476 2235 1499 2287; x_wconf 90' lang='lat' dir='ltr'>a</span> <span class='ocrx_word' id='word_1_68' title='bbox 1531 2204 1783 2284; x_wconf 84' lang='lat' dir='ltr'>Nobiliffimo</span> 
     </span>
     <span class='ocr_line' id='line_1_10' title="bbox 438 2343 1783 2455; baseline 0 -33"><span class='ocrx_word' id='word_1_69' title='bbox 438 2344 611 2424; x_wconf 64' lang='lat' dir='ltr'>Auctore</span> <span class='ocrx_word' id='word_1_70' title='bbox 637 2347 852 2452; x_wconf 81' lang='lat' dir='ltr'>excogitata</span> <span class='ocrx_word' id='word_1_71' title='bbox 883 2349 1158 2455; x_wconf 82' lang='lat' dir='ltr'>ann01656*,</span> <span class='ocrx_word' id='word_1_72' title='bbox 1189 2350 1287 2429; x_wconf 90' lang='lat' dir='ltr'>inter</span> <span class='ocrx_word' id='word_1_73' title='bbox 1313 2351 1414 2427; x_wconf 75' lang='lat' dir='ltr'>Atta</span> <span class='ocrx_word' id='word_1_74' title='bbox 1432 2347 1566 2452; x_wconf 77' lang='lat' dir='ltr'>Regia</span> <span class='ocrx_word' id='word_1_75' title='bbox 1587 2343 1783 2423; x_wconf 89' lang='lat' dir='ltr'>Societatis</span> 
     </span>
     <span class='ocr_line' id='line_1_11' title="bbox 438 2477 1783 2594; baseline 0.001 -33"><span class='ocrx_word' id='word_1_76' title='bbox 438 2477 691 2562; x_wconf 85' lang='lat' dir='ltr'>Londinenfis</span> <span class='ocrx_word' id='word_1_77' title='bbox 718 2508 820 2563; x_wconf 89' lang='lat' dir='ltr'>anno</span> <span class='ocrx_word' id='word_1_78' title='bbox 851 2483 970 2577; x_wconf 87' lang='lat'>1668,</span> <span class='ocrx_word' id='word_1_79' title='bbox 1000 2485 1041 2563; x_wconf 93' lang='lat' dir='ltr'>in</span> <span class='ocrx_word' id='word_1_80' title='bbox 1067 2485 1195 2565; x_wconf 87' lang='lat' dir='ltr'>lucem</span> <span class='ocrx_word' id='word_1_81' title='bbox 1224 2485 1326 2565; x_wconf 90' lang='lat' dir='ltr'>edita</span> <span class='ocrx_word' id='word_1_82' title='bbox 1353 2484 1422 2565; x_wconf 86' lang='lat' dir='ltr'>est.</span> <span class='ocrx_word' id='word_1_83' title='bbox 1475 2483 1655 2564; x_wconf 78' lang='lat' dir='ltr'>Protinus</span> <span class='ocrx_word' id='word_1_84' title='bbox 1682 2509 1783 2594; x_wconf 91' lang='lat' dir='ltr'>quo·</span> 
     </span>
     <span class='ocr_line' id='line_1_12' title="bbox 439 2622 1782 2731; baseline 0.001 -31"><span class='ocrx_word' id='word_1_85' title='bbox 439 2647 517 2728; x_wconf 89' lang='lat' dir='ltr'>que</span> <span class='ocrx_word' id='word_1_86' title='bbox 552 2648 645 2702; x_wconf 91' lang='lat' dir='ltr'>cum</span> <span class='ocrx_word' id='word_1_87' title='bbox 667 2622 789 2704; x_wconf 76' lang='lat' dir='ltr'>dostio</span> <span class='ocrx_word' id='word_1_88' title='bbox 821 2624 1125 2704; x_wconf 90' lang='lat' dir='ltr'>communicavit</span> <span class='ocrx_word' id='word_1_89' title='bbox 1152 2627 1207 2704; x_wconf 89' lang='lat' dir='ltr'>V.</span> <span class='ocrx_word' id='word_1_90' title='bbox 1221 2624 1285 2704; x_wconf 87' lang='lat' dir='ltr'>Cl.</span> <span class='ocrx_word' id='word_1_91' title='bbox 1301 2625 1360 2705; x_wconf 90' lang='lat' dir='ltr'>N.</span> <span class='ocrx_word' id='word_1_92' title='bbox 1383 2624 1595 2714; x_wconf 83' lang='lat' dir='ltr'>Mercator,</span> <span class='ocrx_word' id='word_1_93' title='bbox 1626 2624 1782 2731; x_wconf 84' lang='lat' dir='ltr'>Hyper-</span> 
     </span>
     <span class='ocr_line' id='line_1_13' title="bbox 435 2756 1843 2872; baseline 0.001 -34"><span class='ocrx_word' id='word_1_94' title='bbox 435 2756 530 2839; x_wconf 84' lang='lat' dir='ltr'>bolae</span> <span class='ocrx_word' id='word_1_95' title='bbox 558 2788 633 2869; x_wconf 87' lang='lat' dir='ltr'>ope</span> <span class='ocrx_word' id='word_1_96' title='bbox 666 2761 1010 2869; x_wconf 87' lang='lat' dir='ltr'>Logarithmomm</span> <span class='ocrx_word' id='word_1_97' title='bbox 1044 2781 1278 2872; x_wconf 92' lang='lat' dir='ltr'>computum</span> <span class='ocrx_word' id='word_1_98' title='bbox 1312 2762 1481 2872; x_wconf 86' lang='lat' dir='ltr'>expediri</span> <span class='ocrx_word' id='word_1_99' title='bbox 1513 2761 1630 2870; x_wconf 82' lang='lat' dir='ltr'>poffe,</span> <span class='ocrx_word' id='word_1_100' title='bbox 1664 2779 1705 2840; x_wconf 92' lang='lat' dir='ltr'>et</span> <span class='ocrx_word' id='word_1_101' title='bbox 1737 2761 1785 2840; x_wconf 91' lang='lat' dir='ltr'>ad</span> <span class='ocrx_word' id='word_1_102' title='bbox 1841 2789 1843 2797; x_wconf 91' lang='lat'>·</span> 
     </span>
    </p>

    <p class='ocr_par' dir='ltr' id='par_1_4' title="bbox 378 2899 1858 3289">
     <span class='ocr_line' id='line_1_14' title="bbox 378 2899 1781 3012; baseline 0.003 -36"><span class='ocrx_word' id='word_1_103' title='bbox 378 2988 383 2999; x_wconf 25' lang='grc' dir='ltr'>ι</span> <span class='ocrx_word' id='word_1_104' title='bbox 437 2923 557 3006; x_wconf 91' lang='lat' dir='ltr'>quem</span> <span class='ocrx_word' id='word_1_105' title='bbox 570 2899 734 2979; x_wconf 93' lang='lat' dir='ltr'>modum</span> <span class='ocrx_word' id='word_1_106' title='bbox 747 2901 923 3009; x_wconf 89' lang='lat' dir='ltr'>ponenda</span> <span class='ocrx_word' id='word_1_107' title='bbox 942 2900 1033 2980; x_wconf 84' lang='lat' dir='ltr'>effer</span> <span class='ocrx_word' id='word_1_108' title='bbox 1051 2903 1323 3012; x_wconf 84' lang='lat' dir='ltr'>approximatio</span> <span class='ocrx_word' id='word_1_109' title='bbox 1344 2930 1414 3011; x_wconf 92' lang='lat' dir='ltr'>pro</span> <span class='ocrx_word' id='word_1_110' title='bbox 1428 2902 1533 2981; x_wconf 86' lang='lat' dir='ltr'>istius</span> <span class='ocrx_word' id='word_1_111' title='bbox 1553 2901 1662 3010; x_wconf 89' lang='lat' dir='ltr'>spatii</span> <span class='ocrx_word' id='word_1_112' title='bbox 1683 2928 1781 3009; x_wconf 89' lang='lat' dir='ltr'>qua-</span> 
     </span>
     <span class='ocr_line' id='line_1_15' title="bbox 439 3035 1858 3152; baseline 0.002 -36"><span class='ocrx_word' id='word_1_113' title='bbox 439 3035 604 3128; x_wconf 87' lang='lat' dir='ltr'>dratura,</span> <span class='ocrx_word' id='word_1_114' title='bbox 632 3036 738 3146; x_wconf 91' lang='lat' dir='ltr'>quod</span> <span class='ocrx_word' id='word_1_115' title='bbox 756 3036 979 3149; x_wconf 84' lang='lat' dir='ltr'>Hyperbolae</span> <span class='ocrx_word' id='word_1_116' title='bbox 998 3058 1035 3122; x_wconf 83' lang='lat' dir='ltr'>et</span> <span class='ocrx_word' id='word_1_117' title='bbox 1054 3040 1130 3147; x_wconf 85' lang='lat' dir='ltr'>ejus</span> <span class='ocrx_word' id='word_1_118' title='bbox 1148 3045 1349 3152; x_wconf 65' lang='lat' dir='ltr'>aspmptoto</span> <span class='ocrx_word' id='word_1_119' title='bbox 1376 3041 1586 3147; x_wconf 86' lang='lat' dir='ltr'>interjacet.</span> <span class='ocrx_word' id='word_1_120' title='bbox 1635 3039 1801 3119; x_wconf 78' lang='lat' dir='ltr'>Eadem⁴</span> <span class='ocrx_word' id='word_1_121' title='bbox 1853 3088 1858 3091; x_wconf 36' lang='lat'><em>⁴</em></span> 
     </span>
     <span class='ocr_line' id='line_1_16' title="bbox 379 3175 1783 3289; baseline 0.004 -35"><span class='ocrx_word' id='word_1_122' title='bbox 379 3179 383 3188; x_wconf 83' lang='lat'>&#39;</span> <span class='ocrx_word' id='word_1_123' title='bbox 438 3175 688 3257; x_wconf 75' lang='lat' dir='ltr'>Geometrice</span> <span class='ocrx_word' id='word_1_124' title='bbox 706 3176 976 3272; x_wconf 89' lang='lat' dir='ltr'>demonstrata,</span> <span class='ocrx_word' id='word_1_125' title='bbox 994 3197 1034 3260; x_wconf 92' lang='lat' dir='ltr'>et</span> <span class='ocrx_word' id='word_1_126' title='bbox 1052 3183 1188 3263; x_wconf 83' lang='lat' dir='ltr'>eodem</span> <span class='ocrx_word' id='word_1_127' title='bbox 1207 3208 1363 3289; x_wconf 92' lang='lat' dir='ltr'>quoque</span> <span class='ocrx_word' id='word_1_128' title='bbox 1383 3207 1495 3272; x_wconf 87' lang='lat' dir='ltr'>anno,</span> <span class='ocrx_word' id='word_1_129' title='bbox 1516 3177 1666 3287; x_wconf 90' lang='lat' dir='ltr'>publici</span> <span class='ocrx_word' id='word_1_130' title='bbox 1684 3179 1783 3285; x_wconf 80' lang='lat' dir='ltr'>juria</span> 
     </span>
    </p>

    <p class='ocr_par' dir='ltr' id='par_1_5' title="bbox 437 3312 1376 3428">
     <span class='ocr_line' id='line_1_17' title="bbox 437 3312 1376 3428; baseline 0.012 -33"><span class='ocrx_word' id='word_1_131' title='bbox 437 3312 533 3398; x_wconf 87' lang='lat' dir='ltr'>fecit</span> <span class='ocrx_word' id='word_1_132' title='bbox 552 3319 608 3398; x_wconf 89' lang='lat' dir='ltr'>D.</span> <span class='ocrx_word' id='word_1_133' title='bbox 628 3318 798 3427; x_wconf 83' lang='lat' dir='ltr'>Jacobus</span> <span class='ocrx_word' id='word_1_134' title='bbox 814 3319 1033 3428; x_wconf 82' lang='lat' dir='ltr'>Gregorius.</span> <span class='ocrx_word' id='word_1_135' title='bbox 1373 3416 1376 3420; x_wconf 19' lang='lat'><em>⁷</em></span> 
     </span>
    </p>

    <p class='ocr_par' dir='ltr' id='par_1_6' title="bbox 435 3457 1920 4550">
     <span class='ocr_line' id='line_1_18' title="bbox 501 3457 1781 3572; baseline 0 -34"><span class='ocrx_word' id='word_1_136' title='bbox 501 3457 574 3537; x_wconf 85' lang='lat' dir='ltr'>Sed</span> <span class='ocrx_word' id='word_1_137' title='bbox 591 3476 633 3539; x_wconf 89' lang='lat' dir='ltr'>et</span> <span class='ocrx_word' id='word_1_138' title='bbox 650 3460 780 3539; x_wconf 91' lang='lat' dir='ltr'>omnia</span> <span class='ocrx_word' id='word_1_139' title='bbox 807 3458 854 3539; x_wconf 89' lang='lat' dir='ltr'>de</span> <span class='ocrx_word' id='word_1_140' title='bbox 874 3461 1094 3544; x_wconf 73' lang='lat' dir='ltr'>sectionum</span> <span class='ocrx_word' id='word_1_141' title='bbox 1125 3463 1354 3571; x_wconf 88' lang='lat' dir='ltr'>quadratura</span> <span class='ocrx_word' id='word_1_142' title='bbox 1379 3463 1484 3572; x_wconf 89' lang='lat' dir='ltr'>prius</span> <span class='ocrx_word' id='word_1_143' title='bbox 1502 3461 1717 3569; x_wconf 84' lang='lat' dir='ltr'>excogitata</span> <span class='ocrx_word' id='word_1_144' title='bbox 1736 3459 1781 3539; x_wconf 85' lang='lat' dir='ltr'>iis</span> 
     </span>
     <span class='ocr_line' id='line_1_19' title="bbox 435 3598 1783 3711; baseline 0.001 -33"><span class='ocrx_word' id='word_1_145' title='bbox 435 3598 575 3679; x_wconf 90' lang='lat' dir='ltr'>cedant</span> <span class='ocrx_word' id='word_1_146' title='bbox 592 3599 735 3679; x_wconf 81' lang='lat' dir='ltr'>neceffe</span> <span class='ocrx_word' id='word_1_147' title='bbox 751 3599 822 3692; x_wconf 88' lang='lat' dir='ltr'>est,</span> <span class='ocrx_word' id='word_1_148' title='bbox 843 3629 967 3709; x_wconf 86' lang='lat' dir='ltr'>quaea</span> <span class='ocrx_word' id='word_1_149' title='bbox 987 3603 1138 3711; x_wconf 87' lang='lat' dir='ltr'>Magno</span> <span class='ocrx_word' id='word_1_150' title='bbox 1157 3603 1224 3682; x_wconf 90' lang='lat' dir='ltr'>illo</span> <span class='ocrx_word' id='word_1_151' title='bbox 1244 3602 1489 3682; x_wconf 80' lang='lat' dir='ltr'>anrouo</span> <span class='ocrx_word' id='word_1_152' title='bbox 1509 3599 1783 3709; x_wconf 86' lang='lat' dir='ltr'>prodieruntin</span> 
     </span>
     <span class='ocr_line' id='line_1_20' title="bbox 437 3716 1783 3849; baseline -0.002 -30"><span class='ocrx_word' id='word_1_153' title='bbox 437 3740 600 3819; x_wconf 69' lang='lat' dir='ltr'>metatu</span> <span class='ocrx_word' id='word_1_154' title='bbox 619 3738 686 3819; x_wconf 92' lang='lat' dir='ltr'>suo</span> <span class='ocrx_word' id='word_1_155' title='bbox 706 3753 736 3790; x_wconf 87' lang='lat'><strong>“</strong></span> <span class='ocrx_word' id='word_1_156' title='bbox 749 3740 813 3817; x_wconf 87' lang='lat' dir='ltr'>De</span> <span class='ocrx_word' id='word_1_157' title='bbox 831 3740 985 3848; x_wconf 88' lang='lat' dir='ltr'>Analyfi</span> <span class='ocrx_word' id='word_1_158' title='bbox 1001 3768 1068 3849; x_wconf 91' lang='lat' dir='ltr'>per</span> <span class='ocrx_word' id='word_1_159' title='bbox 1080 3741 1332 3849; x_wconf 86' lang='lat' dir='ltr'>AEquationes</span> <span class='ocrx_word' id='word_1_160' title='bbox 1348 3764 1508 3817; x_wconf 88' lang='lat' dir='ltr'>numero</span> <span class='ocrx_word' id='word_1_161' title='bbox 1529 3716 1783 3817; x_wconf 85' lang='lat' dir='ltr'>terminorum</span> 
     </span>
     <span class='ocr_line' id='line_1_21' title="bbox 437 3875 1782 3988; baseline -0.004 -29"><span class='ocrx_word' id='word_1_162' title='bbox 437 3875 655 3959; x_wconf 87' lang='lat' dir='ltr'>Infinitas.’&#39;</span> <span class='ocrx_word' id='word_1_163' title='bbox 690 3879 775 3987; x_wconf 83' lang='lat' dir='ltr'>Qi</span> <span class='ocrx_word' id='word_1_164' title='bbox 793 3894 838 3957; x_wconf 92' lang='lat' dir='ltr'>ut</span> <span class='ocrx_word' id='word_1_165' title='bbox 857 3878 1005 3958; x_wconf 89' lang='lat' dir='ltr'>libellus</span> <span class='ocrx_word' id='word_1_166' title='bbox 1024 3878 1079 3959; x_wconf 91' lang='lat' dir='ltr'>est</span> <span class='ocrx_word' id='word_1_167' title='bbox 1099 3880 1290 3988; x_wconf 85' lang='lat' dir='ltr'>quantivis</span> <span class='ocrx_word' id='word_1_168' title='bbox 1309 3878 1388 3959; x_wconf 85' lang='lat' dir='ltr'>fere</span> <span class='ocrx_word' id='word_1_169' title='bbox 1410 3878 1539 3988; x_wconf 88' lang='lat' dir='ltr'>pretii,</span> <span class='ocrx_word' id='word_1_170' title='bbox 1567 3895 1607 3956; x_wconf 91' lang='lat' dir='ltr'>et</span> <span class='ocrx_word' id='word_1_171' title='bbox 1632 3903 1682 3955; x_wconf 85' lang='lat' dir='ltr'>ex</span> <span class='ocrx_word' id='word_1_172' title='bbox 1701 3901 1782 3983; x_wconf 90' lang='lat' dir='ltr'>quo</span> 
     </span>
     <span class='ocr_line' id='line_1_22' title="bbox 438 3995 1920 4129; baseline -0.005 -31"><span class='ocrx_word' id='word_1_173' title='bbox 438 4016 604 4098; x_wconf 86' lang='lat' dir='ltr'>delibare</span> <span class='ocrx_word' id='word_1_174' title='bbox 616 4017 747 4127; x_wconf 86' lang='lat' dir='ltr'>poffis,</span> <span class='ocrx_word' id='word_1_175' title='bbox 760 4045 845 4124; x_wconf 83' lang='lat' dir='ltr'>quae</span> <span class='ocrx_word' id='word_1_176' title='bbox 860 4019 900 4097; x_wconf 89' lang='lat' dir='ltr'>in</span> <span class='ocrx_word' id='word_1_177' title='bbox 912 4016 989 4098; x_wconf 93' lang='lat' dir='ltr'>hoc</span> <span class='ocrx_word' id='word_1_178' title='bbox 1001 4044 1140 4126; x_wconf 83' lang='lat' dir='ltr'>genere</span> <span class='ocrx_word' id='word_1_179' title='bbox 1154 4020 1344 4129; x_wconf 84' lang='lat' dir='ltr'>exquifita</span> <span class='ocrx_word' id='word_1_180' title='bbox 1363 4019 1450 4098; x_wconf 88' lang='lat' dir='ltr'>sunt</span> <span class='ocrx_word' id='word_1_181' title='bbox 1470 4033 1652 4123; x_wconf 86' lang='lat' dir='ltr'>utquam</span> <span class='ocrx_word' id='word_1_182' title='bbox 1666 4040 1781 4093; x_wconf 84' lang='lat' dir='ltr'>max-</span> <span class='ocrx_word' id='word_1_183' title='bbox 1882 4088 1884 4090; x_wconf 82' lang='grc'><strong>,</strong></span> <span class='ocrx_word' id='word_1_184' title='bbox 1912 3995 1920 4019; x_wconf 83' lang='grc'>’</span> 
     </span>
     <span class='ocr_line' id='line_1_23' title="bbox 437 4150 1780 4267; baseline -0.004 -29"><span class='ocrx_word' id='word_1_185' title='bbox 437 4158 535 4251; x_wconf 83' lang='lat' dir='ltr'>ime;</span> <span class='ocrx_word' id='word_1_186' title='bbox 553 4157 605 4236; x_wconf 90' lang='lat' dir='ltr'>ita</span> <span class='ocrx_word' id='word_1_187' title='bbox 616 4159 719 4265; x_wconf 87' lang='lat' dir='ltr'>prius</span> <span class='ocrx_word' id='word_1_188' title='bbox 734 4159 851 4238; x_wconf 88' lang='lat' dir='ltr'>etiam</span> <span class='ocrx_word' id='word_1_189' title='bbox 865 4186 983 4267; x_wconf 86' lang='lat' dir='ltr'>quarn</span> <span class='ocrx_word' id='word_1_190' title='bbox 995 4159 1169 4241; x_wconf 85' lang='lat' dir='ltr'>ederetur</span> <span class='ocrx_word' id='word_1_191' title='bbox 1183 4158 1413 4243; x_wconf 84' lang='lat' dir='ltr'>Mercatoris</span> <span class='ocrx_word' id='word_1_192' title='bbox 1427 4150 1780 4266; x_wconf 84' lang='lat' dir='ltr'>Logarithmotr&#39;cb-</span> 
     </span>
     <span class='ocr_line' id='line_1_24' title="bbox 437 4290 1781 4406; baseline -0.002 -29"><span class='ocrx_word' id='word_1_193' title='bbox 437 4297 515 4388; x_wconf 86' lang='lat' dir='ltr'>nia,</span> <span class='ocrx_word' id='word_1_194' title='bbox 545 4297 669 4375; x_wconf 88' lang='lat' dir='ltr'>multa</span> <span class='ocrx_word' id='word_1_195' title='bbox 687 4297 743 4375; x_wconf 91' lang='lat' dir='ltr'>ibi</span> <span class='ocrx_word' id='word_1_196' title='bbox 760 4297 880 4406; x_wconf 87' lang='lat' dir='ltr'>pofita</span> <span class='ocrx_word' id='word_1_197' title='bbox 899 4298 1097 4382; x_wconf 88' lang='lat' dir='ltr'>Newtono</span> <span class='ocrx_word' id='word_1_198' title='bbox 1115 4301 1157 4379; x_wconf 92' lang='lat' dir='ltr'>in</span> <span class='ocrx_word' id='word_1_199' title='bbox 1182 4319 1356 4383; x_wconf 84' lang='lat' dir='ltr'>mentem</span> <span class='ocrx_word' id='word_1_200' title='bbox 1375 4290 1523 4379; x_wconf 77' lang='lat' dir='ltr'>subiiss&#39;e</span> <span class='ocrx_word' id='word_1_201' title='bbox 1542 4323 1591 4375; x_wconf 87' lang='lat' dir='ltr'>ex</span> <span class='ocrx_word' id='word_1_202' title='bbox 1610 4310 1639 4346; x_wconf 86' lang='lat'><strong>“</strong></span> <span class='ocrx_word' id='word_1_203' title='bbox 1655 4296 1781 4375; x_wconf 89' lang='lat' dir='ltr'>Com-</span> 
     </span>
     <span class='ocr_line' id='line_1_25' title="bbox 437 4433 1732 4550; baseline -0.005 -33"><span class='ocrx_word' id='word_1_204' title='bbox 437 4436 583 4517; x_wconf 88' lang='lat' dir='ltr'>mercio</span> <span class='ocrx_word' id='word_1_205' title='bbox 602 4437 814 4545; x_wconf 89' lang='lat' dir='ltr'>Epistolico</span> <span class='ocrx_word' id='word_1_206' title='bbox 831 4438 879 4520; x_wconf 95' lang='lat' dir='ltr'>de</span> <span class='ocrx_word' id='word_1_207' title='bbox 898 4439 1053 4547; x_wconf 83' lang='lat' dir='ltr'>Analysr</span> <span class='ocrx_word' id='word_1_208' title='bbox 1074 4439 1274 4550; x_wconf 74' lang='lat' dir='ltr'>promoti”</span> <span class='ocrx_word' id='word_1_209' title='bbox 1295 4438 1443 4519; x_wconf 90' lang='lat' dir='ltr'>dudum</span> <span class='ocrx_word' id='word_1_210' title='bbox 1462 4433 1732 4515; x_wconf 84' lang='lat' dir='ltr'>intelleximus.</span> 
     </span>
    </p>

    <p class='ocr_par' dir='ltr' id='par_1_7' title="bbox 438 4571 1783 4831">
     <span class='ocr_line' id='line_1_26' title="bbox 494 4571 1781 4688; baseline -0.003 -35"><span class='ocrx_word' id='word_1_211' title='bbox 494 4580 620 4685; x_wconf 77' lang='lat' dir='ltr'>Qun</span> <span class='ocrx_word' id='word_1_212' title='bbox 645 4602 706 4655; x_wconf 79' lang='lat' dir='ltr'>nr</span> <span class='ocrx_word' id='word_1_213' title='bbox 730 4602 787 4656; x_wconf 80' lang='lat' dir='ltr'>nn</span> <span class='ocrx_word' id='word_1_214' title='bbox 804 4578 952 4658; x_wconf 87' lang='lat' dir='ltr'>circulis</span> <span class='ocrx_word' id='word_1_215' title='bbox 964 4583 1049 4685; x_wconf 89' lang='lat' dir='ltr'>jam</span> <span class='ocrx_word' id='word_1_216' title='bbox 1062 4606 1217 4688; x_wconf 89' lang='lat' dir='ltr'>quoque</span> <span class='ocrx_word' id='word_1_217' title='bbox 1231 4578 1439 4658; x_wconf 90' lang='lat' dir='ltr'>dicendum</span> <span class='ocrx_word' id='word_1_218' title='bbox 1454 4575 1524 4668; x_wconf 91' lang='lat' dir='ltr'>est,</span> <span class='ocrx_word' id='word_1_219' title='bbox 1541 4571 1685 4654; x_wconf 81' lang='lat' dir='ltr'>eoadem</span> <span class='ocrx_word' id='word_1_220' title='bbox 1702 4598 1781 4650; x_wconf 91' lang='lat' dir='ltr'>cum</span> 
     </span>
     <span class='ocr_line' id='line_1_27' title="bbox 438 4712 1783 4831; baseline -0.01 -29"><span class='ocrx_word' id='word_1_221' title='bbox 438 4716 663 4802; x_wconf 66' lang='lat' dir='ltr'>Seoiiouibus</span> <span class='ocrx_word' id='word_1_222' title='bbox 680 4718 719 4800; x_wconf 87' lang='lat' dir='ltr'>in</span> <span class='ocrx_word' id='word_1_223' title='bbox 737 4718 822 4802; x_wconf 86' lang='lat' dir='ltr'>dato</span> <span class='ocrx_word' id='word_1_224' title='bbox 841 4721 971 4831; x_wconf 88' lang='lat' dir='ltr'>quovis</span> <span class='ocrx_word' id='word_1_225' title='bbox 983 4722 1122 4831; x_wconf 70' lang='lat' dir='ltr'>punoio</span> <span class='ocrx_word' id='word_1_226' title='bbox 1141 4737 1392 4802; x_wconf 86' lang='lat' dir='ltr'>curvaturam</span> <span class='ocrx_word' id='word_1_227' title='bbox 1411 4712 1644 4797; x_wconf 82' lang='lat' dir='ltr'>habentibus.</span> <span class='ocrx_word' id='word_1_228' title='bbox 1682 4716 1783 4820; x_wconf 82' lang='lat' dir='ltr'>Qae</span> 
     </span>
    </p>
   </div>
   <div class='ocr_carea' id='block_1_3' title="bbox 687 5047 1785 5257">
    <p class='ocr_par' dir='ltr' id='par_1_8' title="bbox 687 5047 1785 5257">
     <span class='ocr_line' id='line_1_28' title="bbox 687 5047 1396 5129; baseline -0.007 -20"><span class='ocrx_word' id='word_1_229' title='bbox 687 5069 690 5076; x_wconf 64' lang='lat'><strong>¹</strong></span> <span class='ocrx_word' id='word_1_230' title='bbox 818 5057 834 5091; x_wconf 67' lang='lat'>³</span> <span class='ocrx_word' id='word_1_231' title='bbox 857 5047 932 5108; x_wconf 87' lang='lat' dir='ltr'>Vide</span> <span class='ocrx_word' id='word_1_232' title='bbox 945 5047 1115 5117; x_wconf 75' lang='lat' dir='ltr'>wantum,</span> <span class='ocrx_word' id='word_1_233' title='bbox 1131 5048 1220 5111; x_wconf 84' lang='lat' dir='ltr'>Torn.</span> <span class='ocrx_word' id='word_1_234' title='bbox 1234 5068 1262 5108; x_wconf 89' lang='lat'>2.</span> <span class='ocrx_word' id='word_1_235' title='bbox 1277 5069 1308 5129; x_wconf 87' lang='lat' dir='ltr'>p.</span> <span class='ocrx_word' id='word_1_236' title='bbox 1327 5065 1396 5125; x_wconf 85' lang='lat'><strong>232.</strong></span> 
     </span>
     <span class='ocr_line' id='line_1_29' title="bbox 995 5151 1785 5257; baseline -0.015 -19"><span class='ocrx_word' id='word_1_237' title='bbox 995 5161 1032 5238; x_wconf 88' lang='lat' dir='ltr'>A</span> <span class='ocrx_word' id='word_1_238' title='bbox 1051 5186 1114 5237; x_wconf 90' lang='lat' dir='ltr'>aa</span> <span class='ocrx_word' id='word_1_239' title='bbox 1145 5185 1167 5239; x_wconf 90' lang='lat'>2</span> <span class='ocrx_word' id='word_1_240' title='bbox 1655 5151 1785 5257; x_wconf 87' lang='lat' dir='ltr'>itaque</span> 
     </span>
    </p>
   </div>
   <div class='ocr_carea' id='block_1_4' title="bbox 0 0 2596 6597">
    <p class='ocr_par' dir='ltr' id='par_1_9' title="bbox 0 0 2596 6597">
     <span class='ocr_line' id='line_1_30' title="bbox 0 0 2596 6597; baseline 0 0"><span class='ocrx_word' id='word_1_241' title='bbox 0 0 2596 6597; x_wconf 95' lang='lat' dir='ltr'> </span> 
     </span>
    </p>
   </div>
  </div>
 </body>
</html>
