<?xml version="1.0" encoding="UTF-8"?>
<!DOCTYPE html PUBLIC "-//W3C//DTD XHTML 1.0 Transitional//EN"
    "http://www.w3.org/TR/xhtml1/DTD/xhtml1-transitional.dtd">
<html xmlns="http://www.w3.org/1999/xhtml" xml:lang="en" lang="en">
 <head>
  <title>
</title>
<meta http-equiv="Content-Type" content="text/html;charset=utf-8" />
  <meta name='ocr-system' content='tesseract 3.04.00' />
  <meta name='ocr-capabilities' content='ocr_page ocr_carea ocr_par ocr_line ocrx_word'/>
</head>
<body>
  <div class='ocr_page' id='page_1' title='image "./sectionumconica00robegoog_0440.png"; bbox 0 0 5184 6600; ppageno 0'>
   <div class='ocr_carea' id='block_1_1' title="bbox 847 945 1789 1119">
    <p class='ocr_par' dir='ltr' id='par_1_1' title="bbox 847 945 1789 1119">
     <span class='ocr_line' id='line_1_1' title="bbox 847 945 1789 1119; baseline -0.006 -45"><span class='ocrx_word' id='word_1_1' title='bbox 847 960 1016 1119; x_wconf 86' lang='lat' dir='ltr'>Caput</span> <span class='ocrx_word' id='word_1_2' title='bbox 1058 945 1310 1071; x_wconf 63' lang='lat' dir='ltr'>tarnum.</span> <span class='ocrx_word' id='word_1_3' title='bbox 1578 968 1580 972; x_wconf 77' lang='grc'><strong>’</strong></span> <span class='ocrx_word' id='word_1_4' title='bbox 1673 993 1750 1109; x_wconf 82' lang='lat'>37</span> <span class='ocrx_word' id='word_1_5' title='bbox 1755 996 1789 1110; x_wconf 86' lang='lat'>3</span> 
     </span>
    </p>
   </div>
   <div class='ocr_carea' id='block_1_2' title="bbox 347 1208 1796 2995">
    <p class='ocr_par' dir='ltr' id='par_1_2' title="bbox 347 1208 1796 2854">
     <span class='ocr_line' id='line_1_2' title="bbox 449 1208 1791 1324; baseline -0.004 -27"><span class='ocrx_word' id='word_1_6' title='bbox 449 1215 627 1297; x_wconf 87' lang='lat' dir='ltr'>Primum</span> <span class='ocrx_word' id='word_1_7' title='bbox 646 1217 685 1297; x_wconf 91' lang='lat' dir='ltr'>in</span> <span class='ocrx_word' id='word_1_8' title='bbox 705 1216 771 1296; x_wconf 92' lang='lat' dir='ltr'>illo</span> <span class='ocrx_word' id='word_1_9' title='bbox 788 1218 916 1324; x_wconf 86' lang='lat' dir='ltr'>Opere</span> <span class='ocrx_word' id='word_1_10' title='bbox 935 1216 996 1305; x_wconf 86' lang='lat' dir='ltr'>iis,</span> <span class='ocrx_word' id='word_1_11' title='bbox 1016 1212 1063 1292; x_wconf 87' lang='lat' dir='ltr'>de</span> <span class='ocrx_word' id='word_1_12' title='bbox 1083 1212 1225 1320; x_wconf 87' lang='lat' dir='ltr'>quibus</span> <span class='ocrx_word' id='word_1_13' title='bbox 1243 1211 1457 1319; x_wconf 90' lang='lat' dir='ltr'>loquimur,</span> <span class='ocrx_word' id='word_1_14' title='bbox 1479 1208 1631 1289; x_wconf 89' lang='lat' dir='ltr'>circulis</span> <span class='ocrx_word' id='word_1_15' title='bbox 1651 1238 1791 1291; x_wconf 90' lang='lat' dir='ltr'>nomen</span> 
     </span>
     <span class='ocr_line' id='line_1_3' title="bbox 450 1350 1792 1465; baseline -0.005 -29"><span class='ocrx_word' id='word_1_16' title='bbox 450 1357 646 1465; x_wconf 86' lang='lat' dir='ltr'>speciatim</span> <span class='ocrx_word' id='word_1_17' title='bbox 666 1358 831 1436; x_wconf 91' lang='lat' dir='ltr'>inditum</span> <span class='ocrx_word' id='word_1_18' title='bbox 851 1354 920 1446; x_wconf 88' lang='lat' dir='ltr'>est,</span> <span class='ocrx_word' id='word_1_19' title='bbox 949 1372 989 1433; x_wconf 90' lang='lat' dir='ltr'>et</span> <span class='ocrx_word' id='word_1_20' title='bbox 1007 1355 1175 1461; x_wconf 86' lang='lat' dir='ltr'>expofita</span> <span class='ocrx_word' id='word_1_21' title='bbox 1193 1380 1250 1444; x_wconf 87' lang='lat' dir='ltr'>ea,</span> <span class='ocrx_word' id='word_1_22' title='bbox 1281 1380 1400 1460; x_wconf 87' lang='lat' dir='ltr'>quam</span> <span class='ocrx_word' id='word_1_23' title='bbox 1416 1350 1462 1430; x_wconf 87' lang='lat' dir='ltr'>ad</span> <span class='ocrx_word' id='word_1_24' title='bbox 1483 1350 1676 1429; x_wconf 72' lang='lat' dir='ltr'>Sectiones</span> <span class='ocrx_word' id='word_1_25' title='bbox 1695 1351 1792 1457; x_wconf 83' lang='lat' dir='ltr'>ipsas</span> 
     </span>
     <span class='ocr_line' id='line_1_4' title="bbox 450 1490 1794 1600; baseline -0.004 -27"><span class='ocrx_word' id='word_1_26' title='bbox 450 1497 636 1573; x_wconf 86' lang='lat' dir='ltr'>rationem</span> <span class='ocrx_word' id='word_1_27' title='bbox 664 1491 808 1573; x_wconf 89' lang='lat' dir='ltr'>habent</span> <span class='ocrx_word' id='word_1_28' title='bbox 819 1531 832 1588; x_wconf 89' lang='lat'>;</span> <span class='ocrx_word' id='word_1_29' title='bbox 874 1520 998 1600; x_wconf 91' lang='lat' dir='ltr'>neque</span> <span class='ocrx_word' id='word_1_30' title='bbox 1030 1512 1161 1573; x_wconf 89' lang='lat' dir='ltr'>tamen</span> <span class='ocrx_word' id='word_1_31' title='bbox 1194 1493 1241 1572; x_wconf 90' lang='lat' dir='ltr'>de</span> <span class='ocrx_word' id='word_1_32' title='bbox 1273 1490 1536 1582; x_wconf 67' lang='lat' dir='ltr'>affedtionum,</span> <span class='ocrx_word' id='word_1_33' title='bbox 1565 1518 1651 1598; x_wconf 86' lang='lat' dir='ltr'>quae</span> <span class='ocrx_word' id='word_1_34' title='bbox 1676 1492 1716 1569; x_wconf 93' lang='lat' dir='ltr'>in</span> <span class='ocrx_word' id='word_1_35' title='bbox 1745 1491 1794 1568; x_wconf 86' lang='lat' dir='ltr'>iis</span> 
     </span>
     <span class='ocr_line' id='line_1_5' title="bbox 447 1630 1790 1740; baseline -0.001 -29"><span class='ocrx_word' id='word_1_36' title='bbox 447 1633 692 1740; x_wconf 83' lang='lat' dir='ltr'>agnoscendae</span> <span class='ocrx_word' id='word_1_37' title='bbox 710 1635 810 1726; x_wconf 89' lang='lat' dir='ltr'>sunt,</span> <span class='ocrx_word' id='word_1_38' title='bbox 840 1632 1240 1724; x_wconf 87' lang='lat' dir='ltr'>demonstrationibus,</span> <span class='ocrx_word' id='word_1_39' title='bbox 1259 1633 1321 1710; x_wconf 90' lang='lat' dir='ltr'>vel</span> <span class='ocrx_word' id='word_1_40' title='bbox 1340 1630 1535 1711; x_wconf 88' lang='lat' dir='ltr'>tantillum</span> <span class='ocrx_word' id='word_1_41' title='bbox 1554 1630 1610 1709; x_wconf 90' lang='lat' dir='ltr'>ibi</span> <span class='ocrx_word' id='word_1_42' title='bbox 1628 1657 1790 1738; x_wconf 89' lang='lat' dir='ltr'>compa·</span> 
     </span>
     <span class='ocr_line' id='line_1_6' title="bbox 451 1767 1794 1879; baseline -0.001 -30"><span class='ocrx_word' id='word_1_43' title='bbox 451 1772 542 1849; x_wconf 92' lang='lat' dir='ltr'>ruit.</span> <span class='ocrx_word' id='word_1_44' title='bbox 584 1771 648 1850; x_wconf 83' lang='lat' dir='ltr'>Ex</span> <span class='ocrx_word' id='word_1_45' title='bbox 667 1772 712 1850; x_wconf 88' lang='lat' dir='ltr'>iis</span> <span class='ocrx_word' id='word_1_46' title='bbox 731 1793 873 1863; x_wconf 68' lang='lat' dir='ltr'>umen,</span> <span class='ocrx_word' id='word_1_47' title='bbox 888 1799 974 1879; x_wconf 83' lang='lat' dir='ltr'>quae</span> <span class='ocrx_word' id='word_1_48' title='bbox 985 1789 1029 1850; x_wconf 92' lang='lat' dir='ltr'>ut</span> <span class='ocrx_word' id='word_1_49' title='bbox 1048 1772 1088 1849; x_wconf 91' lang='lat' dir='ltr'>in</span> <span class='ocrx_word' id='word_1_50' title='bbox 1103 1768 1313 1850; x_wconf 84' lang='lat' dir='ltr'>transcursu</span> <span class='ocrx_word' id='word_1_51' title='bbox 1329 1786 1480 1848; x_wconf 89' lang='lat' dir='ltr'>tantum</span> <span class='ocrx_word' id='word_1_52' title='bbox 1494 1770 1623 1875; x_wconf 86' lang='lat' dir='ltr'>attigit</span> <span class='ocrx_word' id='word_1_53' title='bbox 1635 1767 1794 1874; x_wconf 89' lang='lat' dir='ltr'>hujusce</span> 
     </span>
     <span class='ocr_line' id='line_1_7' title="bbox 450 1906 1791 2003; baseline 0 -15"><span class='ocrx_word' id='word_1_54' title='bbox 450 1910 727 1989; x_wconf 86' lang='lat' dir='ltr'>Commentarii</span> <span class='ocrx_word' id='word_1_55' title='bbox 747 1915 908 2003; x_wconf 71' lang='lat' dir='ltr'>Audtor,</span> <span class='ocrx_word' id='word_1_56' title='bbox 923 1907 1084 1990; x_wconf 86' lang='lat' dir='ltr'>mirifice</span> <span class='ocrx_word' id='word_1_57' title='bbox 1099 1909 1287 1989; x_wconf 90' lang='lat' dir='ltr'>commoti</span> <span class='ocrx_word' id='word_1_58' title='bbox 1306 1906 1413 1988; x_wconf 80' lang='lat' dir='ltr'>fuiffe</span> <span class='ocrx_word' id='word_1_59' title='bbox 1429 1908 1606 1989; x_wconf 90' lang='lat' dir='ltr'>videntur</span> <span class='ocrx_word' id='word_1_60' title='bbox 1625 1908 1791 1989; x_wconf 89' lang='lat' dir='ltr'>Mathe-</span> 
     </span>
     <span class='ocr_line' id='line_1_8' title="bbox 448 2048 1793 2164; baseline -0.001 -35"><span class='ocrx_word' id='word_1_61' title='bbox 448 2053 679 2144; x_wconf 83' lang='lat' dir='ltr'>maticorum</span> <span class='ocrx_word' id='word_1_62' title='bbox 699 2052 831 2144; x_wconf 88' lang='lat' dir='ltr'>animi,</span> <span class='ocrx_word' id='word_1_63' title='bbox 849 2053 919 2158; x_wconf 92' lang='lat' dir='ltr'>qui</span> <span class='ocrx_word' id='word_1_64' title='bbox 937 2068 978 2130; x_wconf 94' lang='lat' dir='ltr'>et</span> <span class='ocrx_word' id='word_1_65' title='bbox 992 2050 1213 2164; x_wconf 84' lang='lat' dir='ltr'>diligentius</span> <span class='ocrx_word' id='word_1_66' title='bbox 1235 2049 1364 2129; x_wconf 89' lang='lat' dir='ltr'>statim</span> <span class='ocrx_word' id='word_1_67' title='bbox 1382 2049 1431 2128; x_wconf 90' lang='lat' dir='ltr'>ad</span> <span class='ocrx_word' id='word_1_68' title='bbox 1451 2048 1661 2156; x_wconf 84' lang='lat' dir='ltr'>indaganda</span> <span class='ocrx_word' id='word_1_69' title='bbox 1680 2076 1725 2128; x_wconf 90' lang='lat' dir='ltr'>ea</span> <span class='ocrx_word' id='word_1_70' title='bbox 1746 2049 1793 2128; x_wconf 85' lang='lat' dir='ltr'>de</span> 
     </span>
     <span class='ocr_line' id='line_1_9' title="bbox 347 2187 1792 2297; baseline 0.001 -31"><span class='ocrx_word' id='word_1_71' title='bbox 347 2248 350 2252; x_wconf 27' lang='lat' dir='ltr'><strong><em>s</em></strong></span> <span class='ocrx_word' id='word_1_72' title='bbox 451 2187 600 2267; x_wconf 87' lang='lat' dir='ltr'>circulis</span> <span class='ocrx_word' id='word_1_73' title='bbox 618 2187 845 2297; x_wconf 76' lang='lat' dir='ltr'>osculatorti‘s</span> <span class='ocrx_word' id='word_1_74' title='bbox 864 2187 901 2267; x_wconf 91' lang='lat' dir='ltr'>se</span> <span class='ocrx_word' id='word_1_75' title='bbox 916 2188 1177 2282; x_wconf 88' lang='lat' dir='ltr'>contulerunt,</span> <span class='ocrx_word' id='word_1_76' title='bbox 1198 2218 1284 2297; x_wconf 88' lang='lat' dir='ltr'>quae</span> <span class='ocrx_word' id='word_1_77' title='bbox 1295 2208 1376 2270; x_wconf 88' lang='lat' dir='ltr'>tam</span> <span class='ocrx_word' id='word_1_78' title='bbox 1388 2191 1541 2271; x_wconf 80' lang='lat' dir='ltr'>subtilia</span> <span class='ocrx_word' id='word_1_79' title='bbox 1559 2190 1660 2282; x_wconf 84' lang='lat' dir='ltr'>sunt,</span> <span class='ocrx_word' id='word_1_80' title='bbox 1678 2208 1718 2269; x_wconf 84' lang='lat' dir='ltr'>et</span> <span class='ocrx_word' id='word_1_81' title='bbox 1733 2207 1792 2268; x_wconf 89' lang='lat' dir='ltr'>ta-</span> 
     </span>
     <span class='ocr_line' id='line_1_10' title="bbox 449 2325 1795 2434; baseline 0.001 -26"><span class='ocrx_word' id='word_1_82' title='bbox 449 2355 542 2408; x_wconf 90' lang='lat' dir='ltr'>men</span> <span class='ocrx_word' id='word_1_83' title='bbox 561 2325 633 2404; x_wconf 89' lang='lat' dir='ltr'>hac</span> <span class='ocrx_word' id='word_1_84' title='bbox 650 2328 774 2408; x_wconf 87' lang='lat' dir='ltr'>nostra</span> <span class='ocrx_word' id='word_1_85' title='bbox 793 2346 900 2408; x_wconf 86' lang='lat' dir='ltr'>aetate</span> <span class='ocrx_word' id='word_1_86' title='bbox 920 2348 1001 2408; x_wconf 89' lang='lat' dir='ltr'>tam</span> <span class='ocrx_word' id='word_1_87' title='bbox 1020 2329 1179 2411; x_wconf 91' lang='lat' dir='ltr'>omnino</span> <span class='ocrx_word' id='word_1_88' title='bbox 1190 2334 1358 2434; x_wconf 88' lang='lat' dir='ltr'>cognita.</span> <span class='ocrx_word' id='word_1_89' title='bbox 1402 2333 1620 2413; x_wconf 89' lang='lat' dir='ltr'>Neminem</span> <span class='ocrx_word' id='word_1_90' title='bbox 1635 2358 1795 2410; x_wconf 89' lang='lat' dir='ltr'>mecum</span> 
     </span>
     <span class='ocr_line' id='line_1_11' title="bbox 450 2462 1795 2587; baseline 0.001 -41"><span class='ocrx_word' id='word_1_91' title='bbox 450 2495 527 2547; x_wconf 95' lang='lat' dir='ltr'>non</span> <span class='ocrx_word' id='word_1_92' title='bbox 546 2465 770 2546; x_wconf 88' lang='lat' dir='ltr'>sentientem</span> <span class='ocrx_word' id='word_1_93' title='bbox 788 2464 990 2544; x_wconf 87' lang='lat' dir='ltr'>habiturus</span> <span class='ocrx_word' id='word_1_94' title='bbox 1010 2462 1107 2555; x_wconf 91' lang='lat' dir='ltr'>sum,</span> <span class='ocrx_word' id='word_1_95' title='bbox 1130 2467 1200 2573; x_wconf 92' lang='lat' dir='ltr'>qui</span> <span class='ocrx_word' id='word_1_96' title='bbox 1218 2462 1581 2545; x_wconf 73' lang='lat' dir='ltr'>AbiaEraditorum</span> <span class='ocrx_word' id='word_1_97' title='bbox 1594 2466 1795 2587; x_wconf 67' lang='lat' dir='ltr'>Lt&#39;pstetfia</span> 
     </span>
     <span class='ocr_line' id='line_1_12' title="bbox 449 2605 1796 2714; baseline 0 -27"><span class='ocrx_word' id='word_1_98' title='bbox 449 2610 541 2688; x_wconf 89' lang='lat' dir='ltr'>anni</span> <span class='ocrx_word' id='word_1_99' title='bbox 572 2615 690 2714; x_wconf 89' lang='lat'>1692,</span> <span class='ocrx_word' id='word_1_100' title='bbox 717 2605 933 2688; x_wconf 87' lang='lat' dir='ltr'>Abrahami</span> <span class='ocrx_word' id='word_1_101' title='bbox 954 2607 1022 2687; x_wconf 82' lang='lat' dir='ltr'>De</span> <span class='ocrx_word' id='word_1_102' title='bbox 1039 2605 1212 2687; x_wconf 78' lang='lat' dir='ltr'>Maiores</span> <span class='ocrx_word' id='word_1_103' title='bbox 1238 2605 1486 2687; x_wconf 86' lang='lat' dir='ltr'>Miscellanea</span> <span class='ocrx_word' id='word_1_104' title='bbox 1505 2605 1721 2712; x_wconf 88' lang='lat' dir='ltr'>Analytica,</span> <span class='ocrx_word' id='word_1_105' title='bbox 1753 2626 1796 2687; x_wconf 91' lang='lat' dir='ltr'>et</span> 
     </span>
     <span class='ocr_line' id='line_1_13' title="bbox 400 2730 1738 2854; baseline -0.004 -26"><span class='ocrx_word' id='word_1_106' title='bbox 400 2730 407 2751; x_wconf 75' lang='grc'><em>’</em></span> <span class='ocrx_word' id='word_1_107' title='bbox 450 2746 634 2828; x_wconf 82' lang='lat' dir='ltr'>Newtoni</span> <span class='ocrx_word' id='word_1_108' title='bbox 651 2748 915 2829; x_wconf 90' lang='lat' dir='ltr'>Geometriam</span> <span class='ocrx_word' id='word_1_109' title='bbox 934 2747 1196 2854; x_wconf 89' lang='lat' dir='ltr'>Analytieam‚</span> <span class='ocrx_word' id='word_1_110' title='bbox 1216 2747 1302 2825; x_wconf 81' lang='lat' dir='ltr'>satis</span> <span class='ocrx_word' id='word_1_111' title='bbox 1321 2744 1521 2851; x_wconf 87' lang='lat' dir='ltr'>diligenter</span> <span class='ocrx_word' id='word_1_112' title='bbox 1540 2742 1738 2822; x_wconf 90' lang='lat' dir='ltr'>evolverit.</span> 
     </span>
    </p>

    <p class='ocr_par' dir='ltr' id='par_1_3' title="bbox 507 2883 1794 2995">
     <span class='ocr_line' id='line_1_14' title="bbox 507 2883 1794 2995; baseline -0.001 -30"><span class='ocrx_word' id='word_1_113' title='bbox 507 2887 676 2978; x_wconf 88' lang='lat' dir='ltr'>Primus,</span> <span class='ocrx_word' id='word_1_114' title='bbox 698 2889 803 2994; x_wconf 94' lang='lat' dir='ltr'>quod</span> <span class='ocrx_word' id='word_1_115' title='bbox 824 2887 913 2977; x_wconf 88' lang='lat' dir='ltr'>scio,</span> <span class='ocrx_word' id='word_1_116' title='bbox 936 2887 1060 2995; x_wconf 85' lang='lat' dir='ltr'>Operi</span> <span class='ocrx_word' id='word_1_117' title='bbox 1076 2885 1123 2963; x_wconf 92' lang='lat' dir='ltr'>de</span> <span class='ocrx_word' id='word_1_118' title='bbox 1146 2883 1382 2965; x_wconf 75' lang='lat' dir='ltr'>Sectionibus</span> <span class='ocrx_word' id='word_1_119' title='bbox 1404 2883 1560 2963; x_wconf 85' lang='lat' dir='ltr'>Conieis</span> <span class='ocrx_word' id='word_1_120' title='bbox 1579 2883 1794 2993; x_wconf 90' lang='lat' dir='ltr'>conscripto</span> 
     </span>
    </p>
   </div>
   <div class='ocr_carea' id='block_1_3' title="bbox 1824 1231 1976 1432">
    <p class='ocr_par' dir='ltr' id='par_1_4' title="bbox 1824 1231 1976 1432">
     <span class='ocr_line' id='line_1_15' title="bbox 1826 1231 1975 1271; baseline 0.007 -1"><span class='ocrx_word' id='word_1_121' title='bbox 1826 1231 1975 1271; x_wconf 75' lang='lat' dir='ltr'>crucum</span> 
     </span>
     <span class='ocr_line' id='line_1_16' title="bbox 1824 1311 1976 1351; baseline -0.007 0"><span class='ocrx_word' id='word_1_122' title='bbox 1824 1311 1976 1351; x_wconf 73' lang='lat' dir='ltr'>OSCULA·</span> 
     </span>
     <span class='ocr_line' id='line_1_17' title="bbox 1845 1363 1960 1432; baseline -0.009 0"><span class='ocrx_word' id='word_1_123' title='bbox 1845 1363 1960 1432; x_wconf 71' lang='lat' dir='ltr'>rodit.</span> 
     </span>
    </p>
   </div>
   <div class='ocr_carea' id='block_1_4' title="bbox 450 3023 1846 3135">
    <p class='ocr_par' dir='ltr' id='par_1_5' title="bbox 450 3023 1846 3135">
     <span class='ocr_line' id='line_1_18' title="bbox 450 3023 1846 3135; baseline -0.001 -30"><span class='ocrx_word' id='word_1_124' title='bbox 450 3024 714 3132; x_wconf 85' lang='lat' dir='ltr'>hujuscemodi</span> <span class='ocrx_word' id='word_1_125' title='bbox 739 3025 970 3105; x_wconf 89' lang='lat' dir='ltr'>circulorum</span> <span class='ocrx_word' id='word_1_126' title='bbox 1000 3024 1213 3104; x_wconf 64' lang='lat' dir='ltr'>doetrinam</span> <span class='ocrx_word' id='word_1_127' title='bbox 1246 3024 1402 3105; x_wconf 90' lang='lat' dir='ltr'>inseruit</span> <span class='ocrx_word' id='word_1_128' title='bbox 1434 3023 1603 3135; x_wconf 84' lang='lat' dir='ltr'>Jacobur</span> <span class='ocrx_word' id='word_1_129' title='bbox 1634 3024 1790 3118; x_wconf 72' lang='lat' dir='ltr'>lta&#39;lnes,</span> <span class='ocrx_word' id='word_1_130' title='bbox 1843 3069 1846 3077; x_wconf 90' lang='lat'>·</span> 
     </span>
    </p>
   </div>
   <div class='ocr_carea' id='block_1_5' title="bbox 449 3163 1794 3696">
    <p class='ocr_par' dir='ltr' id='par_1_6' title="bbox 449 3163 1794 3696">
     <span class='ocr_line' id='line_1_19' title="bbox 450 3163 1794 3277; baseline 0 -32"><span class='ocrx_word' id='word_1_131' title='bbox 450 3194 617 3273; x_wconf 89' lang='lat' dir='ltr'>quorum</span> <span class='ocrx_word' id='word_1_132' title='bbox 656 3186 786 3247; x_wconf 90' lang='lat' dir='ltr'>tamen</span> <span class='ocrx_word' id='word_1_133' title='bbox 825 3165 1056 3259; x_wconf 78' lang='lat' dir='ltr'>affectiones,</span> <span class='ocrx_word' id='word_1_134' title='bbox 1097 3165 1352 3274; x_wconf 85' lang='lat' dir='ltr'>quantitatum</span> <span class='ocrx_word' id='word_1_135' title='bbox 1389 3163 1678 3277; x_wconf 84' lang='lat' dir='ltr'>evanescentium</span> <span class='ocrx_word' id='word_1_136' title='bbox 1717 3193 1794 3274; x_wconf 87' lang='lat' dir='ltr'>ope</span> 
     </span>
     <span class='ocr_line' id='line_1_20' title="bbox 451 3295 1793 3414; baseline -0.001 -28"><span class='ocrx_word' id='word_1_137' title='bbox 451 3308 721 3389; x_wconf 88' lang='lat' dir='ltr'>tantummodo</span> <span class='ocrx_word' id='word_1_138' title='bbox 740 3295 1014 3390; x_wconf 84' lang='lat' dir='ltr'>demonstratas</span> <span class='ocrx_word' id='word_1_139' title='bbox 1035 3307 1153 3387; x_wconf 87' lang='lat' dir='ltr'>dedit.</span> <span class='ocrx_word' id='word_1_140' title='bbox 1206 3306 1314 3387; x_wconf 89' lang='lat' dir='ltr'>Ecce</span> <span class='ocrx_word' id='word_1_141' title='bbox 1333 3326 1463 3388; x_wconf 92' lang='lat' dir='ltr'>autern</span> <span class='ocrx_word' id='word_1_142' title='bbox 1481 3324 1520 3387; x_wconf 90' lang='lat' dir='ltr'>et</span> <span class='ocrx_word' id='word_1_143' title='bbox 1540 3306 1615 3387; x_wconf 90' lang='lat' dir='ltr'>alio</span> <span class='ocrx_word' id='word_1_144' title='bbox 1636 3333 1793 3414; x_wconf 89' lang='lat' dir='ltr'>quoque</span> 
     </span>
     <span class='ocr_line' id='line_1_21' title="bbox 452 3445 1793 3558; baseline -0.001 -33"><span class='ocrx_word' id='word_1_145' title='bbox 452 3449 631 3556; x_wconf 87' lang='lat' dir='ltr'>exemplo</span> <span class='ocrx_word' id='word_1_146' title='bbox 664 3449 975 3558; x_wconf 90' lang='lat' dir='ltr'>comprobatum,</span> <span class='ocrx_word' id='word_1_147' title='bbox 1023 3449 1128 3555; x_wconf 93' lang='lat' dir='ltr'>quod</span> <span class='ocrx_word' id='word_1_148' title='bbox 1164 3448 1274 3554; x_wconf 90' lang='lat' dir='ltr'>supra</span> <span class='ocrx_word' id='word_1_149' title='bbox 1323 3446 1414 3536; x_wconf 84' lang='lat' dir='ltr'>dixi,</span> <span class='ocrx_word' id='word_1_150' title='bbox 1462 3448 1559 3525; x_wconf 91' lang='lat' dir='ltr'>mire</span> <span class='ocrx_word' id='word_1_151' title='bbox 1598 3445 1793 3525; x_wconf 87' lang='lat' dir='ltr'>interdum</span> 
     </span>
     <span class='ocr_line' id='line_1_22' title="bbox 449 3579 1791 3696; baseline -0.001 -32"><span class='ocrx_word' id='word_1_152' title='bbox 449 3588 552 3695; x_wconf 88' lang='lat' dir='ltr'>apud</span> <span class='ocrx_word' id='word_1_153' title='bbox 583 3586 884 3669; x_wconf 85' lang='lat' dir='ltr'>Mathematicos</span> <span class='ocrx_word' id='word_1_154' title='bbox 911 3616 981 3696; x_wconf 90' lang='lat' dir='ltr'>pro</span> <span class='ocrx_word' id='word_1_155' title='bbox 1014 3579 1220 3693; x_wconf 72' lang='lat' dir='ltr'>incognitis⁴</span> <span class='ocrx_word' id='word_1_156' title='bbox 1247 3582 1336 3678; x_wconf 83' lang='lat' dir='ltr'>ess&#39;e,</span> <span class='ocrx_word' id='word_1_157' title='bbox 1377 3612 1463 3691; x_wconf 85' lang='lat' dir='ltr'>quae</span> <span class='ocrx_word' id='word_1_158' title='bbox 1499 3586 1547 3666; x_wconf 94' lang='lat' dir='ltr'>ab</span> <span class='ocrx_word' id='word_1_159' title='bbox 1581 3584 1663 3663; x_wconf 84' lang='lat' dir='ltr'>aliis</span> <span class='ocrx_word' id='word_1_160' title='bbox 1703 3602 1791 3664; x_wconf 89' lang='lat' dir='ltr'>ante</span> 
     </span>
    </p>
   </div>
   <div class='ocr_carea' id='block_1_6' title="bbox 451 3724 1830 3834">
    <p class='ocr_par' dir='ltr' id='par_1_7' title="bbox 451 3724 1830 3834">
     <span class='ocr_line' id='line_1_23' title="bbox 451 3724 1830 3834; baseline 0.005 -32"><span class='ocrx_word' id='word_1_161' title='bbox 451 3725 516 3803; x_wconf 89' lang='lat' dir='ltr'>sua</span> <span class='ocrx_word' id='word_1_162' title='bbox 536 3727 705 3834; x_wconf 90' lang='lat' dir='ltr'>ipsorum</span> <span class='ocrx_word' id='word_1_163' title='bbox 726 3746 900 3834; x_wconf 90' lang='lat' dir='ltr'>tempora</span> <span class='ocrx_word' id='word_1_164' title='bbox 925 3725 1126 3805; x_wconf 84' lang='lat' dir='ltr'>certiffime</span> <span class='ocrx_word' id='word_1_165' title='bbox 1150 3726 1365 3830; x_wconf 87' lang='lat' dir='ltr'>excogitata</span> <span class='ocrx_word' id='word_1_166' title='bbox 1384 3726 1485 3803; x_wconf 91' lang='lat' dir='ltr'>sunt.</span> <span class='ocrx_word' id='word_1_167' title='bbox 1528 3727 1663 3805; x_wconf 90' lang='lat' dir='ltr'>Tertia</span> <span class='ocrx_word' id='word_1_168' title='bbox 1688 3728 1794 3808; x_wconf 88' lang='lat' dir='ltr'>enirn</span> <span class='ocrx_word' id='word_1_169' title='bbox 1827 3724 1830 3729; x_wconf 65' lang='grc'><strong>’</strong></span> 
     </span>
    </p>
   </div>
   <div class='ocr_carea' id='block_1_7' title="bbox 428 3862 1796 5053">
    <p class='ocr_par' dir='ltr' id='par_1_8' title="bbox 428 3862 1796 5053">
     <span class='ocr_line' id='line_1_24' title="bbox 452 3862 1792 3974; baseline 0.004 -33"><span class='ocrx_word' id='word_1_170' title='bbox 452 3862 634 3943; x_wconf 89' lang='lat' dir='ltr'>Editione</span> <span class='ocrx_word' id='word_1_171' title='bbox 654 3864 839 3944; x_wconf 91' lang='lat' dir='ltr'>donatum</span> <span class='ocrx_word' id='word_1_172' title='bbox 858 3864 928 3955; x_wconf 90' lang='lat' dir='ltr'>est,</span> <span class='ocrx_word' id='word_1_173' title='bbox 953 3891 1053 3943; x_wconf 91' lang='lat' dir='ltr'>anno</span> <span class='ocrx_word' id='word_1_174' title='bbox 1078 3890 1179 3972; x_wconf 85' lang='lat'>1723</span> <span class='ocrx_word' id='word_1_175' title='bbox 1201 3863 1369 3967; x_wconf 81' lang='lat' dir='ltr'>Milnesti</span> <span class='ocrx_word' id='word_1_176' title='bbox 1395 3890 1509 3974; x_wconf 49' lang='lat' dir='ltr'>opum</span> <span class='ocrx_word' id='word_1_177' title='bbox 1538 3883 1792 3947; x_wconf 84' lang='lat' dir='ltr'>annoautem</span> 
     </span>
     <span class='ocr_line' id='line_1_25' title="bbox 457 3993 1796 4112; baseline 0 -27"><span class='ocrx_word' id='word_1_178' title='bbox 457 4030 555 4112; x_wconf 85' lang='lat'>1731</span> <span class='ocrx_word' id='word_1_179' title='bbox 588 4001 698 4083; x_wconf 89' lang='lat' dir='ltr'>suurn</span> <span class='ocrx_word' id='word_1_180' title='bbox 731 4003 776 4081; x_wconf 93' lang='lat' dir='ltr'>de</span> <span class='ocrx_word' id='word_1_181' title='bbox 801 4004 957 4084; x_wconf 88' lang='lat' dir='ltr'>Conicis</span> <span class='ocrx_word' id='word_1_182' title='bbox 977 4005 1183 4082; x_wconf 61' lang='lat' dir='ltr'>tractatum</span> <span class='ocrx_word' id='word_1_183' title='bbox 1205 4000 1321 4078; x_wconf 89' lang='lat' dir='ltr'>edidit</span> <span class='ocrx_word' id='word_1_184' title='bbox 1342 4002 1396 4079; x_wconf 89' lang='lat' dir='ltr'>L.</span> <span class='ocrx_word' id='word_1_185' title='bbox 1419 3993 1625 4108; x_wconf 77' lang='lat' dir='ltr'>Trevigar,</span> <span class='ocrx_word' id='word_1_186' title='bbox 1646 4003 1692 4082; x_wconf 96' lang='lat' dir='ltr'>de</span> <span class='ocrx_word' id='word_1_187' title='bbox 1712 4031 1796 4112; x_wconf 89' lang='lat' dir='ltr'>quo</span> 
     </span>
     <span class='ocr_line' id='line_1_26' title="bbox 451 4137 1792 4250; baseline 0.001 -30"><span class='ocrx_word' id='word_1_188' title='bbox 451 4141 505 4220; x_wconf 90' lang='lat' dir='ltr'>ita</span> <span class='ocrx_word' id='word_1_189' title='bbox 531 4139 723 4250; x_wconf 74' lang='lat' dir='ltr'>praefatur,</span> <span class='ocrx_word' id='word_1_190' title='bbox 753 4158 780 4192; x_wconf 87' lang='lat'>“</span> <span class='ocrx_word' id='word_1_191' title='bbox 801 4140 1057 4222; x_wconf 88' lang='lat' dir='ltr'>Theoremata</span> <span class='ocrx_word' id='word_1_192' title='bbox 1084 4138 1260 4247; x_wconf 82' lang='lat' dir='ltr'>quaedam</span> <span class='ocrx_word' id='word_1_193' title='bbox 1291 4137 1338 4217; x_wconf 90' lang='lat' dir='ltr'>de</span> <span class='ocrx_word' id='word_1_194' title='bbox 1369 4140 1543 4218; x_wconf 90' lang='lat' dir='ltr'>circulari</span> <span class='ocrx_word' id='word_1_195' title='bbox 1569 4142 1792 4222; x_wconf 67' lang='lat' dir='ltr'>sectionum</span> 
     </span>
     <span class='ocr_line' id='line_1_27' title="bbox 453 4278 1792 4391; baseline 0.004 -35"><span class='ocrx_word' id='word_1_196' title='bbox 453 4296 652 4359; x_wconf 87' lang='lat' dir='ltr'>curvatura</span> <span class='ocrx_word' id='word_1_197' title='bbox 681 4280 721 4357; x_wconf 90' lang='lat' dir='ltr'>in</span> <span class='ocrx_word' id='word_1_198' title='bbox 752 4278 850 4359; x_wconf 91' lang='lat' dir='ltr'>libro</span> <span class='ocrx_word' id='word_1_199' title='bbox 869 4281 1007 4387; x_wconf 90' lang='lat' dir='ltr'>quinto</span> <span class='ocrx_word' id='word_1_200' title='bbox 1036 4280 1209 4391; x_wconf 87' lang='lat' dir='ltr'>apposui,</span> <span class='ocrx_word' id='word_1_201' title='bbox 1238 4307 1350 4387; x_wconf 78' lang='lat' dir='ltr'>eaque</span> <span class='ocrx_word' id='word_1_202' title='bbox 1372 4283 1528 4391; x_wconf 80' lang='lat' dir='ltr'>prorsus</span> <span class='ocrx_word' id='word_1_203' title='bbox 1545 4309 1659 4374; x_wconf 86' lang='lat' dir='ltr'>nova,</span> <span class='ocrx_word' id='word_1_204' title='bbox 1688 4284 1792 4391; x_wconf 88' lang='lat' dir='ltr'>apud</span> 
     </span>
     <span class='ocr_line' id='line_1_28' title="bbox 451 4417 1790 4525; baseline 0 -26"><span class='ocrx_word' id='word_1_205' title='bbox 451 4417 590 4509; x_wconf 88' lang='lat' dir='ltr'>nullos,</span> <span class='ocrx_word' id='word_1_206' title='bbox 605 4418 709 4525; x_wconf 90' lang='lat' dir='ltr'>quod</span> <span class='ocrx_word' id='word_1_207' title='bbox 724 4417 813 4511; x_wconf 91' lang='lat' dir='ltr'>sci0,</span> <span class='ocrx_word' id='word_1_208' title='bbox 824 4420 1043 4500; x_wconf 71' lang='lat' dir='ltr'>sectionum</span> <span class='ocrx_word' id='word_1_209' title='bbox 1054 4421 1287 4497; x_wconf 89' lang='lat' dir='ltr'>Conicarum</span> <span class='ocrx_word' id='word_1_210' title='bbox 1302 4419 1509 4525; x_wconf 81' lang='lat' dir='ltr'>Scriptores</span> <span class='ocrx_word' id='word_1_211' title='bbox 1525 4420 1790 4499; x_wconf 87' lang='lat' dir='ltr'>invenienda.&#39;’</span> 
     </span>
     <span class='ocr_line' id='line_1_29' title="bbox 453 4557 1795 4664; baseline 0.002 -27"><span class='ocrx_word' id='word_1_212' title='bbox 453 4557 595 4664; x_wconf 87' lang='lat' dir='ltr'>Neque</span> <span class='ocrx_word' id='word_1_213' title='bbox 615 4575 742 4636; x_wconf 89' lang='lat' dir='ltr'>tamen</span> <span class='ocrx_word' id='word_1_214' title='bbox 769 4586 913 4639; x_wconf 90' lang='lat' dir='ltr'>novum</span> <span class='ocrx_word' id='word_1_215' title='bbox 939 4560 1084 4638; x_wconf 88' lang='lat' dir='ltr'>ibidem</span> <span class='ocrx_word' id='word_1_216' title='bbox 1112 4558 1269 4664; x_wconf 90' lang='lat' dir='ltr'>aliquid,</span> <span class='ocrx_word' id='word_1_217' title='bbox 1300 4576 1366 4635; x_wconf 90' lang='lat' dir='ltr'>aut</span> <span class='ocrx_word' id='word_1_218' title='bbox 1394 4559 1441 4636; x_wconf 93' lang='lat' dir='ltr'>ab</span> <span class='ocrx_word' id='word_1_219' title='bbox 1463 4558 1705 4639; x_wconf 81' lang='lat' dir='ltr'>Anteceffore</span> <span class='ocrx_word' id='word_1_220' title='bbox 1725 4561 1795 4640; x_wconf 89' lang='lat' dir='ltr'>suo</span> 
     </span>
     <span class='ocr_line' id='line_1_30' title="bbox 428 4696 1790 4805; baseline 0.009 -39"><span class='ocrx_word' id='word_1_221' title='bbox 428 4722 531 4773; x_wconf 70' lang='lat' dir='ltr'>‚non</span> <span class='ocrx_word' id='word_1_222' title='bbox 568 4698 773 4775; x_wconf 57' lang='lat' dir='ltr'>tractatum</span> <span class='ocrx_word' id='word_1_223' title='bbox 807 4717 934 4776; x_wconf 87' lang='lat' dir='ltr'>extare</span> <span class='ocrx_word' id='word_1_224' title='bbox 972 4696 1245 4804; x_wconf 89' lang='lat' dir='ltr'>comperimus.</span> <span class='ocrx_word' id='word_1_225' title='bbox 1297 4697 1370 4775; x_wconf 89' lang='lat' dir='ltr'>Per</span> <span class='ocrx_word' id='word_1_226' title='bbox 1407 4698 1638 4805; x_wconf 84' lang='lat' dir='ltr'>quantitates</span> <span class='ocrx_word' id='word_1_227' title='bbox 1674 4700 1790 4778; x_wconf 89' lang='lat' dir='ltr'>etiam</span> 
     </span>
     <span class='ocr_line' id='line_1_31' title="bbox 452 4819 1792 4944; baseline 0.005 -33"><span class='ocrx_word' id='word_1_228' title='bbox 452 4837 715 4942; x_wconf 65' lang='lat' dir='ltr'>evancffcenter,</span> <span class='ocrx_word' id='word_1_229' title='bbox 743 4834 798 4914; x_wconf 92' lang='lat' dir='ltr'>ibi</span> <span class='ocrx_word' id='word_1_230' title='bbox 818 4862 986 4944; x_wconf 88' lang='lat' dir='ltr'>quoque,</span> <span class='ocrx_word' id='word_1_231' title='bbox 1006 4853 1052 4914; x_wconf 92' lang='lat' dir='ltr'>ut</span> <span class='ocrx_word' id='word_1_232' title='bbox 1066 4863 1088 4915; x_wconf 93' lang='lat' dir='ltr'>a</span> <span class='ocrx_word' id='word_1_233' title='bbox 1103 4836 1268 4944; x_wconf 79' lang='lat' dir='ltr'>Milnesto</span> <span class='ocrx_word' id='word_1_234' title='bbox 1282 4834 1429 4921; x_wconf 66' lang='lat' dir='ltr'>foetum</span> <span class='ocrx_word' id='word_1_235' title='bbox 1449 4819 1516 4929; x_wconf 84' lang='lat' dir='ltr'>est,</span> <span class='ocrx_word' id='word_1_236' title='bbox 1538 4838 1792 4934; x_wconf 85' lang='lat' dir='ltr'>demonstrata</span> 
     </span>
     <span class='ocr_line' id='line_1_32' title="bbox 453 4970 701 5053; baseline -0.004 -2"><span class='ocrx_word' id='word_1_237' title='bbox 453 4970 541 5052; x_wconf 89' lang='lat' dir='ltr'>sunt</span> <span class='ocrx_word' id='word_1_238' title='bbox 560 4970 701 5053; x_wconf 88' lang='lat' dir='ltr'>omnia.</span> 
     </span>
    </p>
   </div>
   <div class='ocr_carea' id='block_1_8' title="bbox 1673 5117 1794 5227">
    <p class='ocr_par' dir='ltr' id='par_1_9' title="bbox 1673 5117 1794 5227">
     <span class='ocr_line' id='line_1_33' title="bbox 1673 5117 1794 5227; baseline -0.008 -30"><span class='ocrx_word' id='word_1_239' title='bbox 1673 5117 1794 5227; x_wconf 82' lang='lat' dir='ltr'>Qod</span> 
     </span>
    </p>
   </div>
   <div class='ocr_carea' id='block_1_9' title="bbox 0 0 2601 6596">
    <p class='ocr_par' dir='ltr' id='par_1_10' title="bbox 0 0 2601 6596">
     <span class='ocr_line' id='line_1_34' title="bbox 0 0 2601 6596; baseline 0 0"><span class='ocrx_word' id='word_1_240' title='bbox 0 0 2601 6596; x_wconf 95' lang='lat' dir='ltr'> </span> 
     </span>
    </p>
   </div>
  </div>
 </body>
</html>
