5184 6600
865 956 944 1088 68
1074 964 1364 1084 Sessionum
1377 947 1692 1084 >Cannarum
1735 946 1873 1083 [ΑΒ.
1906 966 1984 1083 ΙΙ.

864 1199 1011 1271 dentem
1026 1197 1103 1271 fieri
1116 1195 1241 1295 potest.
1293 1195 1394 1267 Tum
1411 1193 1478 1268 erit
1493 1195 1586 1268 reeta
1603 1195 1649 1267 M
1660 1192 1824 1268 diametri
1837 1194 1907 1268 ΑΕ
1919 1214 2127 1292 parameter,
2141 1223 2205 1296 per

863 1310 945 1385 Des.
964 1319 1003 1399 8,
1018 1331 1148 1384 etcum
1164 1333 1288 1383 omnes
1300 1308 1460 1382 diametri
1479 1312 1656 1408 parabolae
1670 1310 1734 1384 srbi
1751 1309 1906 1383 invicem
1920 1310 2000 1383 sunt
2012 1312 2203 1409 parallelae,

863 1446 899 1500 et
914 1428 1078 1502 distantia
1093 1425 1236 1499 verticis
1261 1423 1424 1498 diametri
1451 1423 1600 1523 alicujus
1618 1452 1639 1499 a
1654 1424 1839 1499 diredtriee
1860 1445 1987 1524 quarta
2002 1451 2082 1523 pars
2098 1453 2203 1525 para.

862 1543 979 1630 metri,
1006 1543 1073 1616 erit
1090 1544 1184 1615 resta
1199 1542 1275 1613 DX
1292 1539 1457 1612 direstrix
1474 1542 1652 1638 parabolae
1669 1541 1780 1628 ABC,
1806 1565 1871 1637 per
1887 1538 1968 1615 Des.
1985 1565 2043 1630 11,
2067 1563 2104 1616 et
2115 1544 2200 1619 Cot.

865 1683 898 1730 1.
925 1660 1030 1755 Prop.
1051 1678 1122 1742 223
1150 1656 1217 1728 erit
1232 1654 1341 1727 etiam
1357 1653 1451 1726 recta
1467 1654 1540 1725 TN
1557 1654 1777 1751 contingens,
1802 1677 1866 1751 per
1879 1652 1964 1727 Cor.
1986 1678 2018 1727 t.
2037 1656 2147 1753 Prop.
2163 1679 2198 1753 3.

712 1804 718 1812 ·
858 1790 896 1843 et
916 1773 1135 1869 punctumF
1147 1768 1248 1845 focus
1265 1792 1328 1869 per
1344 1771 1452 1866 Prop.
1478 1769 1535 1840 16.
1558 1788 1594 1841 et
1618 1770 1726 1866 Prop.
1750 1791 1808 1864 19,
1834 1786 1871 1838 et
1888 1766 2198 1847 constructionem.

858 1884 1006 1973 Rursus,
1031 1887 1201 1984 quoniam
1214 1884 1404 1981 longitudo
1422 1881 1472 1955 fili
1488 1884 1581 1955 SAF
1599 1881 1748 1982 aequalis
1764 1880 1813 1953 est
1826 1879 1928 1953 lateri
1943 1882 2023 1953 SAI
2049 1907 2198 1971 notmae,

857 1998 992 2072 sublati
1015 2020 1112 2102 parte
1139 1998 1323 2073 communi
1340 1999 1417 2086 SA,
1433 1996 1656 2094 relinquetur
1671 1999 1766 2070 testa
1787 1996 1855 2068 AF
1878 2000 1981 2070 teelae
2002 1997 2057 2068 ΑΙ
2075 2021 2199 2096 aequa-
2249 2011 2251 2014 ’

850 2113 911 2202 lis,
935 2113 1006 2189 hoc
1032 2114 1082 2188 eli
1103 2113 1265 2187 distantia
1291 2111 1415 2211 paxilli
1437 2137 1458 2184 a
1480 2107 1562 2183 soco
1583 2111 1764 2208 parabolae
1791 2108 1859 2185 erit
1884 2106 2022 2205 semper
2051 2113 2198 2207 aequalis

854 2228 1139 2327 perpendiculari
1160 2255 1179 2302 a
1196 2227 1329 2327 paxillo
1346 2225 1392 2302 ad
1406 2226 1644 2313 diree’tricem,
1662 2245 1699 2299 et
1714 2222 1861 2323 proinde
1878 2224 2057 2321 pundtum
2074 2228 2109 2297 A
2128 2227 2197 2300 erit

855 2338 994 2439 semper
1006 2342 1043 2415 in
1059 2341 1168 2415 curvi
1180 2338 1370 2438 parabolae,
1396 2362 1460 2435 per
1475 2338 1565 2433 Cor..
1577 2339 1686 2436 Prop.
1708 2358 1766 2412 20.

673 2456 814 2545 Βιως.
905 2455 942 2526 si
969 2454 1090 2552 anguli
1113 2454 1222 2543 IAN,
1249 2454 1353 2540 IAT,
1380 2452 1448 2523 hoc
1474 2451 1523 2525 est
1542 2453 1664 2549 anguli
1688 2452 1806 2540 ΑΕΘ,
1835 2449 1935 2525 ΑΕΒ
1957 2456 2035 2547 (29.
2060 2456 2110 2544 ι.)
2126 2453 2196 2528 sint

853 2566 945 2640 inter
962 2564 995 2638 se
1007 2566 1172 2662 aequales,
1198 2563 1264 2637 erit
1280 2564 1352 2637 ΑΕ
1370 2563 1442 2636 axis
1454 2564 1645 2662 parabolae.
1696 2566 1798 2637 Nam
1812 2563 1933 2662 anguli
1947 2584 2050 2638 erunt
2062 2568 2146 2643 resti
2158 2591 2195 2643 et

853 2679 1026 2779 punstum
1045 2681 1074 2751 F
1094 2677 1171 2776 erit
1187 2678 1225 2750 in
1250 2677 1345 2750 resta
1361 2676 1446 2764 ΑΕ,
1472 2694 1513 2749 ut
1529 2676 1753 2752 manifestum
1770 2677 1820 2752 est
1842 2702 1887 2752 ex
1903 2682 2173 2759 construetione,

901 2795 985 2867 Cor.
1004 2792 1035 2867 l.
1062 2792 1165 2866 Hine
1191 2792 1216 2864 fi
1240 2792 1345 2866 detur
1365 2811 1564 2889 parametet
1585 2788 1742 2887 cujusvis
1763 2792 1943 2880 diametri,
1979 2812 2016 2866 et
2041 2798 2193 2895 angulus

846 2931 962 3006 quem
992 2908 1070 2982 haec
1097 2907 1270 2982 diameter
1297 2930 1383 2981 cum
1413 2903 1481 2981 suis
1505 2905 1674 2981 ordinatis
1700 2904 1982 3007 comprehendit,
2017 2909 2194 2987 Parabola

850 3021 998 3097 describi
1015 3021 1141 3119 potest.

668 3146 744 3208 nro.
760 3168 810 3231 ²⁵·
897 3142 981 3213 Cor.
1001 3139 1052 3214 ΙΙ.
1079 3138 1116 3214 Si
1143 3138 1248 3213 detur
1268 3136 1439 3237 positione
1460 3135 1536 3213 axia
1553 3132 1638 3222 ΑΕ,
1664 3132 1844 3234 ipsiusque
1869 3155 1992 3213 vertex
2009 3139 2060 3227 A,
2085 3164 2191 3239 para-

843 3254 932 3329 bola
948 3250 1096 3327 describi
1111 3252 1226 3350 potest
1246 3249 1347 3350 cujus
1365 3275 1474 3326 curva
1489 3249 1647 3326 transibit
1662 3273 1728 3350 per
1741 3251 1868 3327 datum
1891 3254 2066 3352 punctam
2082 3255 2126 3342 B,
2153 3255 2190 3330 in

846 3390 911 3440 axe
927 3390 997 3440 non
1019 3365 1185 3463 pofitum.
1236 3365 1337 3438 Nam
1353 3366 1503 3460 ducatur
1520 3366 1564 3438 ad
1581 3389 1685 3439 axem
1702 3368 1796 3441 teda
1813 3367 1890 3456 BE,
1916 3368 1979 3466 ipsi
1998 3369 2189 3468 perpendi·

846 3479 996 3562 tulerim
1024 3498 1061 3551 et
1078 3479 1139 3550 fiat
1155 3497 1196 3550 ut
1213 3478 1284 3551 ΑΕ
1300 3477 1347 3553 ad
1364 3479 1425 3553 ΕΒ
1444 3480 1492 3552 ita
1510 3480 1571 3554 ΕΒ
1587 3479 1632 3552 ad
1649 3479 1782 3555 rectam
1798 3483 1841 3556 Ρ.
1892 3484 1993 3555 Tum
2011 3482 2079 3555 erit
2093 3485 2189 3558 reela

845 3595 1087 3691 Pparameter
1103 3590 1189 3680 axis,
1212 3616 1277 3694 per
1292 3589 1375 3666 Des.
1397 3596 1436 3676 83
1464 3612 1500 3667 et
1522 3593 1673 3692 proinde
1695 3595 1865 3691 parabola
1888 3595 2040 3670 describi
2054 3599 2185 3695 potest,

842 3703 945 3807 cujus
968 3731 1079 3781 curva
1095 3704 1254 3783 tranfibit
1274 3728 1340 3805 pet
1360 3707 1536 3806 punitum
1553 3709 1598 3798 B,
1622 3727 1664 3782 ut
1679 3707 1866 3785 manifesto
1882 3711 2017 3787 constat
2032 3736 2077 3787 ex
2095 3714 2185 3790 Pro·

842 3822 1025 3924 politione.
1403 3909 1407 3914 ,

662 3958 737 4014 Fre.
756 3958 805 4019 26.
892 3939 977 4013 Cor.
996 3937 1063 4010 111.
1090 3935 1128 4008 Si
1144 3935 1248 4009 detur
1261 3933 1436 4034 positione
1452 3935 1625 4011 diameter
1640 3936 1729 4023 CH,
1755 3934 1935 4034 ipsiusque
1950 3954 2072 4011 vertex
2088 3939 2135 4027 C,
2148 3958 2185 4014 et

842 4051 868 4125 st
882 4050 987 4124 detur
997 4049 1243 4146 magnitudine
1253 4066 1456 4145 patametet
1465 4053 1507 4140 P,
1522 4068 1559 4123 et
1570 4051 1748 4148 punitum
1764 4053 1794 4123 B
1811 4051 1847 4122 in
1862 4050 1972 4124 curvi
1986 4052 2164 4149 parabolae
2170 4087 2182 4139 ς

838 4163 1007 4264 parabola
1022 4162 1172 4238 describi
1184 4161 1314 4262 potest.
1367 4164 1538 4238 Sumatur
1554 4164 1700 4238 enimin
1715 4164 1890 4252 diarnetro
1912 4165 1987 4239 CH
2006 4166 2183 4262 products

837 4280 1060 4378 segmentum
1076 4278 1142 4353 CE
1159 4278 1296 4377 aequale
1320 4298 1457 4376 quartae
1481 4279 1574 4378 parti
1595 4278 1839 4377 pannem?
1849 4313 1861 4363 ς
1888 4296 1927 4352 et
1948 4279 2101 4353 ducatur
2116 4304 2182 4376 per

834 4396 1009 4494 punstum
1037 4395 1180 4469 Erena
1203 4398 1279 4470 DX
1303 4395 1368 4493 ipst
1391 4397 1468 4470 ΕΗ
1490 4393 1801 4494 perpendicularis.
1854 4392 2003 4482 Rursus,
2028 4394 2181 4471 ducatur

836 4511 903 4586 BG
927 4510 973 4584 ad
994 4511 1127 4583 restam
1150 4511 1227 4584 DX
1248 4509 1575 4608 perpendicularis,
1600 4525 1636 4583 et
1656 4507 1784 4582 centris
1801 4506 1847 4594 C,
1873 4509 1954 4581 Bet
1980 4507 2180 4585 intervallis

834 4625 913 4712 Cli,
938 4624 1004 4697 BG
1030 4623 1268 4698 describantur
1292 4623 1418 4698 circuli
1445 4626 1523 4710 EF,
1558 4623 1639 4710 GF,
1673 4619 1737 4694 sibi
1772 4620 1925 4697 invicem
1954 4642 2180 4698 occurrentes

834 4739 870 4812 in
888 4738 1019 4834 puncto
1041 4738 1072 4809 F
1083 4770 1095 4822 ς
1122 4757 1158 4810 et
1178 4738 1352 4833 punCium
1368 4739 1399 4811 F
1415 4738 1482 4811 erit
1495 4735 1598 4810 focus
1616 4755 1653 4808 et
1669 4736 1766 4808 tedia
1785 4736 1862 4810 DX
1887 4735 2052 4811 direcirix
2067 4761 2178 4834 para·

832 4851 938 4939 boiae,
955 4847 1055 4948 cujus
1071 4873 1180 4923 curva
1204 4849 1325 4922 tranfit
1341 4871 1407 4946 per
1421 4850 1553 4946 puncta
1569 4850 1615 4938 C,
1634 4853 1676 4938 B,
1693 4868 1735 4923 ut
1753 4846 1938 4924 manifesto
1957 4850 2093 4926 constat
2108 4875 2177 4949 per

670 4989 675 4997 ·
831 4967 921 5052 hanc
939 4985 975 5040 et
996 4966 1104 5066 Prop.
1129 4988 1184 5066 ¹9·
1240 4963 1340 5064 Ergo
1356 4965 1452 5043 testa
1466 4965 1549 5059 FA,
1566 4967 1674 5042 dubia
1691 4965 1737 5042 ad
1752 4961 1978 5040 diresiricem
1994 4965 2070 5036 DX
2088 4987 2176 5059 per·

1909 5078 2171 5179 pendicularis,
