5184 6600
637 1018 643 1030 ·
802 1000 918 1084 120
1031 957 1323 1077 Senianum
1355 957 1664 1076 Com'carum
1678 980 1683 990 ’
1696 958 1837 1078 Lm.
1869 963 1980 1083 IV.

783 1178 875 1266 GF,
893 1179 969 1251 NR
993 1197 1098 1251 erunt
1122 1178 1292 1252 ordinatae
1317 1177 1494 1252 diametro
1519 1178 1582 1252 BL
1608 1203 1672 1275 per
1697 1180 1805 1280 Prop.
1825 1205 1861 1277 9.
1907 1184 2030 1281 Quare
2055 1180 2140 1259 sunt

778 1293 949 1389 ,aquales
966 1293 1050 1380 RN,
1072 1292 1137 1365 FG
1155 1300 1232 1385 (34.
1256 1294 1307 1381 r.)
1323 1311 1359 1365 et
1374 1294 1524 1392 proinde
1545 1295 1627 1381 CR,
1645 1295 1708 1366 CF
1725 1319 1789 1395 per
1805 1297 1890 1368 Cor.
1913 1322 1946 1393 3.
1968 1299 2076 1395 Prop.
2098 1302 2138 1374 8.

795 1406 866 1478 Sed
881 1408 959 1494 RF,
976 1405 1052 1479 NG
1068 1409 1150 1503 (34.
1169 1407 1218 1493 r.)
1235 1405 1313 1479 sunt
1329 1409 1496 1504 aequaies,
1514 1427 1551 1481 et
1566 1432 1611 1482 ex
1629 1409 1813 1505 hypothesi
1830 1410 1914 1497 NP,
1933 1412 2010 1501 PG,
2025 1432 2065 1485 et
2082 1413 2140 1487 id-

795 1520 892 1593 circo
915 1521 996 1594 sunt
1021 1521 1177 1621 aequales
1200 1523 1281 1609 RC,
1303 1523 1384 1595 NP.
1434 1523 1535 1620 Ergo
1556 1522 1661 1595 rena
1682 1523 1769 1610 RN,
1794 1522 1857 1595 ΕΡ
1882 1534 1960 1621 (33.
1982 1525 2033 1614 r.)
2057 1524 2143 1599 sunt

795 1636 992 1744 parallelae,
1012 1657 1048 1709 et
1073 1635 1206 1710 idcirco
1231 1636 1409 1734 parallclae
1426 1637 1516 1724 TD,
1537 1635 1636 1734 CQ,
1653 1635 1718 1707 IK.
1761 1635 1893 1709 Rursus
1915 1661 1980 1733 per
1996 1639 2082 1732 Cur.
2099 1661 2138 1732 3.

796 1749 904 1847 Prop.
921 1756 953 1823 8.
968 1750 1048 1824 sunt
1058 1752 1212 1848 aequales
1224 1753 1306 1838 CT,
1318 1750 1382 1838 CI,
1394 1768 1433 1821 et
1445 1746 1592 1843 proinde
1602 1747 1758 1845 aquales
1770 1754 1850 1842 (34.
1869 1750 1919 1836 ι.)
1932 1749 2034 1851 DQ
2048 1753 2151 1851 KQ

844 1865 930 1936 Cor.
950 1866 980 1940 1.
1008 1866 1046 1938 Si
1062 1866 1235 1940 diameter
1249 1861 1439 1939 transversa
1455 1863 1519 1937 BL
1534 1861 1576 1934 fit
1592 1860 1758 1957 parallela
1771 1862 1943 1937 ordinatis
1959 1865 2048 1953 NG,
2063 1867 2140 1939 DK

794 1977 960 2055 diametri
976 1980 1138 2055 secundae
1157 1983 1255 2082 CQ
1280 1978 1355 2078 ejus
1374 1978 1547 2052 ordinatae
1568 1976 1650 2063 GF,
1672 1977 1724 2049 KI
1744 1996 1846 2050 enuit
1863 1978 2041 2075 parallelae
2057 1978 2141 2053 dia·

796 2094 1059 2282 m'egborfiffii
1078 2211 1171 2283 recta
1196 2205 1363 2285 bifariam
1384 2206 1476 2280 secet
1492 2203 1581 2275 duas
1601 2203 1711 2276 reciae
1730 2203 1912 2302 parallelas
1935 2203 2053 2278 curvis
2070 2204 2138 2303 hy·

794 2322 1025 2424 perbolarum
1041 2327 1284 2423 oppositarum
1301 2322 1517 2409 terminatas,
1533 2314 1603 2390 erit
1617 2315 1793 2392 diameter
1809 2316 1970 2392 secunda.

1191 2663 1193 2671 ,
1241 2594 1342 2674 PR
1374 2590 1489 2671 ΟΡ.
1554 2591 1673 2672 XIII.

794 2826 835 2910 si
854 2828 897 2909 in
916 2822 1134 2937 hyperbola
1151 2824 1239 2907 dua
1258 2829 1372 2908 reda
1390 2826 1426 2907 se
1444 2824 1614 2907 invicem
1637 2825 1782 2919 secent,
1806 2824 1847 2906 se
1865 2840 2007 2907 mutuo
2026 2823 2137 2909 bisa-

849 2952 949 3031 riam
980 2978 1061 3032 non
1089 2949 1304 3043 secabunt;
1329 2951 1384 3031 'et
1412 2951 1441 3031 fi
1471 2946 1557 3030 duae
1586 2952 1700 3030 κᾶε
1729 2974 1799 3060 per
1835 2966 2020 3031 centrum
2052 2975 2138 3031 non

856 3073 1099 3155 transeuntes
1119 3091 1160 3155 et
1178 3074 1308 3155 curvis
1328 3070 1638 3185 hyperbolarum
1653 3070 1922 3183 oppofitarum
1941 3075 2137 3155 termina-

848 3213 899 3277 tae
919 3197 957 3276 se
976 3197 1150 3279 invicem
1168 3196 1313 3290 secent,
1335 3197 1374 3279 se
1389 3216 1533 3280 mutuo
1552 3191 1735 3278 bifariam
1753 3221 1834 3278 uon
1852 3190 2053 3281 secabunt.

794 3433 885 3507 Pars
903 3435 932 3508 I.
1009 3437 1050 3511 N
1067 3434 1264 3535 hyperbola
1275 3437 1375 3514 ABC
1392 3434 1510 3512 secent
1526 3436 1609 3512 duae
1622 3436 1742 3526 rena,
1752 3433 1836 3524 Ac,
1847 3435 1917 3511 DF
1930 3432 1965 3510 sc
1978 3433 2139 3514 invicem

1027 3549 1063 3623 in
1080 3551 1216 3647 pundo
1232 3554 1288 3638 E,
1316 3551 1350 3627 se
1367 3571 1495 3629 mutuo
1512 3549 1678 3626 bifariam
1694 3574 1766 3625 non
1782 3549 1960 3643 secabunt.

842 3660 943 3733 Nam
959 3661 984 3733 fi
1000 3661 1074 3735 fieri
1090 3662 1221 3761 potest,
1240 3662 1310 3741 sese
1327 3661 1491 3748 bifariam
1507 3663 1648 3752 secenta
1683 3685 1722 3742 et
1736 3689 1800 3758 per
1823 3666 2000 3757 punstum
2015 3667 2048 3740 E
2065 3667 2139 3742 du-

793 3792 894 3847 catur
908 3774 1079 3849 diameter
1098 3777 1222 3851 KBE:
1249 3773 1385 3851 Rursus
1408 3797 1472 3872 per
1491 3772 1667 3847 verticem
1684 3773 1713 3848 B
1733 3771 1909 3848 ducantur
1930 3775 2013 3851 duae
2027 3782 2138 3858 resta

792 3888 881 3976 BH,
897 3887 977 3976 BG,
993 3886 1097 3962 rectis
1113 3887 1199 3977 AC,
1213 3889 1283 3963 DF
1295 3886 1477 3987 parallelae
1485 3919 1496 3972 ς
1512 3885 1620 3960 altera
1634 3885 1745 3961 alteri.
1786 3885 1917 3987 Iraque
1931 3890 2039 3967 reeta
2049 3893 2139 3984 AC,

793 4003 863 4078 DF
885 4000 1059 4076 ordinatae
1075 4017 1180 4076 erunt
1200 4001 1377 4076 diametro
1391 4000 1505 4091 KBE,
1521 4018 1558 4074 et
1580 4000 1686 4075 κᾶε
1710 3999 1799 4090 BH,
1820 4001 1888 4075 BG
1903 4001 2138 4102 hyperbolum

793 4114 1017 4212 contingent,
1039 4139 1104 4213 per
1119 4102 1206 4191 Cor.
1229 4139 1261 4191 ι.
1278 4115 1387 4214 Prop.
1407 4141 1430 4214 9
1443 4139 1456 4191 t
1481 4115 1582 4214 quod
1598 4113 1648 4190 esi
1669 4110 1873 4207 absurdum,
1883 4138 1949 4215 per
1966 4119 2078 4220 Prop.
2097 4126 2135 4200 8.

793 4228 882 4305 Lib.
904 4253 937 4303 r.
978 4230 1105 4305 Rene
1122 4229 1231 4328 igitur
1246 4231 1330 4320 Ae,
1347 4232 1415 4307 DF
1432 4229 1502 4307 sese
1518 4227 1682 4306 bifariam
1697 4252 1770 4305 non
1786 4229 1913 4309 secant.

842 4346 934 4420 Pars
950 4343 997 4417 II.
1016 4342 1094 4417 Sint
1108 4345 1215 4419 redae
1228 4344 1321 4432 CM,
1338 4345 1410 4420 FN
1426 4369 1491 4446 per
1501 4363 1667 4421 centrum
1680 4368 1753 4422 non
1767 4345 1985 4423 transeuntes
2001 4364 2040 4424 et
2050 4373 2138 4424 cur-

793 4456 848 4533 vis
865 4456 1141 4555 hyperbolantm
1155 4457 1400 4558 uppufitarum
1414 4460 1664 4548 ABC,KNM
1681 4460 1895 4550 terminatae,
1910 4479 1951 4537 et
1966 4461 2085 4538 secent
2100 4463 2138 4541 se

796 4572 952 4647 Invicem
970 4570 1006 4647 in
1021 4575 1156 4672 pundo
1171 4577 1233 4661 L;
1260 4574 1327 4649 sese
1344 4573 1509 4650 bisariam
1526 4600 1599 4652 non
1612 4575 1794 4652 secabunt.
1863 4643 1867 4651 .

845 4687 946 4760 Nam
965 4687 991 4760 si
1012 4688 1089 4761 fieri
1109 4689 1239 4785 potest,
1261 4690 1331 4765 sese
1351 4689 1515 4765 bifariam
1535 4689 1666 4781 secent,
1689 4711 1729 4767 ec
1747 4692 1793 4768 fic
1811 4690 1988 4794 perustum
2010 4692 2029 4768 1
2052 4714 2136 4768 cen·

795 4816 904 4878 trum.
947 4802 1127 4901 Junganar
1142 4804 1175 4892 1,
1191 4803 1242 4894 L,
1258 4824 1295 4880 et
1311 4803 1375 4904 ipn
1392 4806 1451 4880 IL
1462 4808 1629 4906 parallein
1649 4809 1801 4884 ducatur
1821 4810 1918 4911 MQ
1930 4821 2052 4884 crrrrae
2067 4808 2137 4883 in-

794 4914 951 4999 cumin
981 4919 1254 5011 rocurrcnr.
1306 4921 2029 5016 Dummnmnafaeduneeissss.
2058 4923 2136 5011 RS,

1090 5036 1103 5046 “
2029 5040 2137 5117 redis
