5184 6600
858 972 1030 1131 Caput
1072 968 1370 1085 Secundum.
1471 957 1477 968 ⁸
1672 966 1790 1131 347

449 1226 714 1310 affectionibus
734 1225 940 1305 sectionum
956 1253 978 1338 e
997 1195 1096 1306 cono
1115 1196 1340 1318 derivandis,
1356 1223 1611 1306 concinnitate
1628 1196 1808 1310 demum·
1848 1265 1945 1305 suco

450 1367 675 1448 strationum
693 1383 732 1445 et
752 1364 1053 1474 pulchritudine,
1073 1365 1179 1456 alios,
1204 1365 1323 1472 longo
1340 1368 1456 1457 etiam
1476 1366 1686 1475 intervall0,
1706 1371 1792 1476 post
1820 1348 1955 1468 Ηζζζι

449 1505 486 1584 se
505 1508 671 1614 reliquit.
713 1507 772 1584 lta
789 1533 837 1585 ex
856 1502 928 1584 hac
949 1521 1070 1614 parte,
1091 1531 1176 1610 quae
1195 1504 1319 1611 prima
1338 1502 1438 1595 sunt,
1461 1494 1636 1587 accurate
1652 1475 1790 1615 posuit,

447 1672 534 1752 quae
566 1646 756 1754 deinceps,
798 1664 838 1724 et
872 1670 965 1722 cum
1000 1641 1296 1750 precedentibus
1319 1641 1558 1736 cohaerentia,
1598 1646 1792 1753 expedivit

415 1827 419 1836 ·
448 1781 612 1875 felicius,
642 1810 761 1888 quam
784 1798 829 1860 ut
858 1807 992 1860 eorum
1021 1780 1243 1859 excellentia
1272 1781 1485 1863 laudatione
1514 1784 1639 1863 nostra
1668 1788 1793 1865 ornari

450 1920 576 2029 poffit.
624 1920 761 2026 Itaque
778 1937 817 1996 et
841 1918 1003 1997 libenter
1028 1945 1077 1996 ex
1105 1945 1152 1998 eo
1169 1920 1340 1999 transtuli
1367 1926 1510 2013 omnia,
1538 1923 1664 2030 quoad
1697 1951 1790 2031 pro-

446 2059 653 2167 pofitiones
676 2058 776 2149 istas,
805 2086 891 2166 quae
909 2059 949 2136 in
977 2056 1133 2136 Conicis
1149 2057 1350 2166 primariae
1375 2061 1474 2152 sunt,
1503 2089 1627 2168 neque
1647 2063 1792 2171 aliquid

448 2198 490 2275 in
509 2198 557 2277 iis
576 2198 662 2306 meir
679 2226 794 2307 opera
811 2196 1095 2289 variatum-est,
1125 2196 1192 2275 nisr
1215 2197 1283 2275 ubi
1308 2197 1430 2278 visum
1450 2199 1506 2279 est
1524 2202 1792 2282 immutatione
1868 2226 1876 2236 ·

448 2338 620 2445 parvula,
640 2336 864 2417 discentium
883 2335 1027 2415 viribus
1046 2333 1181 2412 melius
1199 2335 1395 2442 aliquanto
1411 2338 1628 2419 consultum
1647 2340 1748 2444 iri.†

503 2478 595 2582 Jam
614 2495 757 2568 autem,
789 2502 873 2584 quae
900 2503 922 2553 a
947 2473 1056 2554 nobis
1076 2474 1252 2582 proxime
1280 2475 1525 2554 memoranda
1549 2477 1650 2570 sunt,
1680 2479 1727 2557 ab
1748 2479 1792 2559 iis

450 2616 570 2695 velim
589 2643 747 2695 ornnem
762 2616 920 2694 omnino
940 2607 1061 2695 abesse
1081 2592 1279 2706 insidian,
1300 2604 1510 2721 dequibus
1529 2619 1646 2696 etiam
1665 2646 1793 2727 neque
1918 2653 1921 2658 ·

448 2752 595 2862 aliquid
621 2755 789 2834 dicturus
808 2753 939 2845 effem,
969 2752 1038 2831 nih
1071 2739 1166 2828 illud
1184 2750 1374 2858 postulare
1394 2754 1595 2849 videretur,
1624 2758 1729 2864 quod
1752 2759 1794 2838 in

447 2919 512 2973 me
537 2890 680 3002 suscepi
704 2890 893 2971 officium.
954 2891 1103 2967 Verum
1131 2885 1281 2968 fortasse
1313 2889 1408 2970 illud
1439 2892 1507 2984 est,
1537 2894 1642 3000 quod
1674 2895 1794 3006 vulgo

449 3028 604 3119 dicitur,
632 3029 812 3108 intereos
833 3027 903 3135 qui
927 3024 1044 3103 literis
1063 3021 1352 3108 humanioribus
1371 3028 1462 3110 dant
1481 3059 1652 3141 operam,
1682 3062 1794 3144 repe-

452 3169 518 3249 riri
550 3166 689 3259 nullos,
719 3193 816 3275 quos
847 3164 979 3273 saepius
1009 3162 1147 3271 fugiat,
1183 3165 1280 3272 quid
1313 3168 1353 3245 in
1388 3169 1521 3249 iisdem
1552 3171 1693 3279 quibus
1723 3174 1796 3281 ipfi

451 3307 584 3392 studiis
602 3308 723 3388 dediti
745 3306 845 3398 sunt,
876 3298 1107 3415 profecerint
1125 3303 1204 3396 alii,
1234 3333 1353 3414 quam
1372 3305 1548 3388 homines
1566 3288 1795 3389 Mathema.

451 3448 564 3530 ticos.
613 3448 672 3530 lta
701 3448 740 3528 in
770 3445 844 3527 hac
875 3442 1056 3524 doctrinae
1084 3445 1302 3550 partitione,
1344 3446 1413 3527 ubi
1450 3444 1612 3555 quisque
1642 3474 1721 3556 »pro
1745 3446 1796 3529 ‘se

451 3587 639 3696 principia
664 3586 764 3666 illius
778 3603 818 3665 et
835 3569 952 3686 αἰρχοὶς
972 3580 1186 3690 inspexerit,
1206 3583 1385 3665 ulteriora
1403 3584 1466 3665 illa
1484 3612 1571 3694 quae
1589 3586 1657 3666 suo
1675 3606 1798 3667 marte

450 3725 628 3835 expedire
647 3744 776 3832 queat,
796 3723 925 3803 statim
942 3723 1162 3829 aggreditur
1172 3759 1185 3814 3
1205 3724 1253 3802 ad
1270 3751 1328 3815 ea,
1346 3752 1430 3832 quae
1445 3724 1485 3802 in
1504 3726 1632 3805 medio
1651 3725 1699 3804 ab
1715 3726 1796 3807 aliis

450 3866 573 3973 posrta
601 3864 701 3955 sunt,
730 3878 909 3968 evagatur
938 3861 1066 3939 minus
1094 3876 1161 3939 aut
1190 3858 1361 3942 frudlum
1392 3889 1440 3941 ex
1468 3863 1514 3940 iis
1538 3861 1608 3941 fibi
1632 3861 1795 3972 colligit.

454 4001 710 4108 Frequentius
740 4003 871 4109 itaque
901 3996 999 4116 nihil
1028 3996 1169 4089 evenit,
1198 4026 1318 4107 quam
1343 4002 1384 4079 in
1413 3998 1646 4108 theoremata
1665 4003 1799 4083 eadem

453 4137 735 4221 Mathematica
754 4141 880 4250 plures
900 4140 1064 4221 incidere
1083 4137 1256 4220 homines
1274 4159 1314 4221 et
1330 4140 1509 4237 diversos,
1537 4168 1663 4249 neque
1682 4145 1797 4250 quic-

321 4273 326 4288 '
452 4306 572 4387 quam
609 4297 736 4361 tamen
769 4307 792 4362 a
827 4281 1060 4365 seinvicem
1094 4278 1225 4359 auxilii
1254 4296 1462 4363 mutuatos.
1511 4281 1795 4374 Theorematis‚
1917 4317 1921 4325 ·

454 4420 620 4528 exempli
653 4421 789 4528 gratia,
839 4421 886 4500 de
915 4416 1167 4499 Binomiorum
1190 4418 1434 4530 potestatibus
1464 4424 1662 4503 auctorem
1690 4418 1799 4499 fuisse

525 4791 548 4862 ,p
570 4781 646 4843 Vide
660 4784 745 4864 Prop.
764 4801 813 4862 17,
831 4786 879 4856 18,
895 4802 941 4862 19,
959 4801 1008 4844 20.
1032 4781 1100 4841 Lib.
1120 4795 1184 4842 1.et
1197 4780 1282 4864 Prop.
1297 4801 1326 4844 2.
1341 4782 1411 4847 Lib.
1425 4804 1454 4864 4.
1467 4779 1552 4845 nostri
1564 4781 1725 4842 Tradaths.

1042 4904 1082 4998 X
1102 4932 1130 4992 x
1161 4932 1185 4991 2
1578 4910 1804 5017 Newtonum
