5184 6600
691 904 693 907 Ι
804 945 921 1097 346
995 946 1093 1061 De
1121 939 1411 1058 Subdinnum
1440 937 1747 1081 Conicarum
1767 939 2062 1091 Dubi'rinca

624 1248 637 1297 1
644 1245 773 1286 aaaaaa
804 1201 986 1310 parallelae
1012 1201 1213 1280 sedtionem
1237 1199 1412 1277 conicam
1443 1196 1504 1276 vel
1527 1198 1705 1281 sediones
1725 1200 1914 1308 oppofitas
1933 1199 2078 1293 secant,
2105 1220 2147 1283 et
2308 1276 2311 1282 .

742 1561 748 1571 ,
801 1478 981 1559 sectiones
1013 1480 1201 1586 oppofitas
1240 1475 1376 1555 itidem
1411 1476 1554 1570 secant,'
1578 1480 1801 1586 ¹redtangula
1838 1477 1907 1556 sub
1940 1479 2146 1585 segmentis

801 1621 962 1700 duarum
989 1623 1158 1728 priorum
1188 1619 1375 1698 linearum
1405 1620 1503 1697 inter
1531 1622 1672 1728 punsta
1699 1618 1890 1708 occursus,
1919 1635 1959 1695 et
1986 1644 2146 1699 curvam

800 1760 862 1838 vel
887 1786 1034 1849 curvas,
1064 1757 1358 1867 proportionalia
1383 1756 1455 1837 effe
1482 1757 1710 1864 redangulis
1730 1756 1798 1835 sub
1818 1755 2021 1863 segmentis
2046 1756 2144 1836 dua-

653 1976 655 1978 .
800 1927 887 1979 rum
906 1899 1154 2007 posteriorum
1170 1900 1267 1976 inter
1288 1902 1429 2005 punda
1447 1895 1636 1988 occursus,
1649 1913 1688 1974 et
1703 1923 1862 1975 curvam
1876 1895 1935 1973 vel
1947 1922 2145 1974 curvas-

800 2038 905 2145 quod
919 2041 958 2116 in
974 2010 1128 2144 fingulis
1144 2036 1370 2116 sedtionibus
1386 2039 1436 2115 ita
1448 2035 1537 2127 elle,
1561 2063 1634 2143 ope
1648 2032 1849 2143 hyperbolae
1863 2036 2146 2143 asymptotorum

800 2177 1022 2256 ostenditur.
1074 2175 1205 2281 Fingit
1223 2176 1328 2253 enim
1346 2174 1457 2283 plana
1480 2176 1557 2254 duo
1575 2174 1749 2282 parallela
1767 2200 1835 2282 per
1853 2172 1948 2251 duas
1966 2200 2022 2253 ex
2035 2173 2146 2252 tedia

800 2315 909 2394 lineis
941 2313 1126 2423 parallelis
1158 2316 1325 2405 transm,
1355 2342 1424 2422 per
1447 2316 1635 2394 verticem
1663 2314 1753 2392 coni
1777 2311 1954 2402 alterum,
1982 2311 2147 2392 alterum

802 2456 854 2535 ita
880 2473 924 2535 ut
953 2452 1179 2563 hyperbolas
1204 2453 1394 2562 oppositas
1419 2452 1572 2531 efficiat.
1623 2454 1735 2532 Tum
1753 2449 1957 2559 planorum
1981 2449 2146 2532 aliorum

800 2622 888 2704 ope,
933 2620 1019 2702 quae
1055 2592 1237 2673 sectiones
1282 2594 1526 2697 contingunt,
1566 2605 1605 2666 et
1648 2573 1749 2698 quae⁸
1780 2591 1965 2698 politione
2004 2589 2146 2670 diversa

801 2736 902 2825 sunt,
930 2734 1149 2841 asymptotos
1185 2731 1305 2810 efficit
1340 2748 1381 2809 et
1416 2730 1612 2836 triangula
1625 2729 1780 2836 finilia,
1812 2730 1953 2838 quibus
1985 2729 2145 2810 demum

802 2870 1043 2951 adminiculis
1066 2867 1307 2948 affectionem
1326 2868 1436 2976 supra
1454 2887 1718 2959 memoratam,
1753 2868 1950 2976 quomodo
1978 2857 2143 2947 demon·

800 3009 909 3089 strari
938 3006 1065 3117 poffit,
1099 3006 1276 3086 ostendit.
1327 3010 1429 3114 Qae
1452 3006 1594 3097 omnia,
1624 3025 1669 3085 ut
1696 3005 1838 3112 egregii
1866 3006 1953 3086 sunt
1977 3004 2143 3099 artificii,

799 3150 853 3226 ita
872 3164 912 3227 et
930 3147 1102 3254 longiora
1115 3142 1189 3224 effe
1208 3143 1293 3224 satis
1313 3146 1473 3238 constat,
1489 3173 1606 3253 quam
1625 3146 1728 3226 utin
1747 3143 1824 3224 hac
1841 3145 1965 3225 nostra
1983 3145 2146 3225 diatribe

799 3284 872 3364 fibi
901 3286 1033 3365 locum
1062 3283 1259 3363 vendicare
1291 3283 1461 3392 poffint.'
1488 3285 1608 3393 Qod
1639 3283 1751 3394 supra
1781 3286 1977 3368 innuimus
2004 3286 2146 3366 interea

802 3422 1054 3502 certissimum
1079 3421 1148 3512 est,
1177 3419 1248 3501 rite
1267 3423 1457 3530 perpenfis
1475 3419 1579 3503 hisce
1607 3441 1648 3503 et
1666 3424 1818 3534 penitus
1837 3424 2053 3518 intellectis,
2065 3409 2068 3412 ¹
2081 3423 2145 3505 fa·

801 3562 916 3676 cilem
947 3560 994 3638 ad
1015 3559 1251 3638 Conicorum
1278 3559 1477 3642 scientiam
1509 3562 1589 3643 dari
1617 3564 1766 3646 aditum
1778 3601 1808 3658 ς,
1827 3592 1876 3644 ex
1904 3562 2006 3644 hisce
2038 3564 2146 3644 enim

799 3700 928 3780 statim
956 3696 1165 3807 profluunt,
1197 3725 1283 3805 quae
1305 3726 1397 3779 cum
1425 3702 1604 3781 omnium
1630 3701 1707 3783 fere
1731 3702 1979 3784 affectionum
2006 3702 2146 3784 notitia
2225 3746 2227 3748 ·

801 3836 1084 3947 quodammodo
1118 3837 1322 3944 conjundta
1351 3840 1438 3920 fint.
1502 3841 1693 3950 Magnam
1724 3843 1855 3950 itaque
1878 3844 1966 3949 jure
1997 3842 2061 3923 ille
2095 3844 2146 3923 de

799 4004 879 4086 quo
909 3975 1105 4084 loquimur
1132 3974 1205 4055 fibi
1232 3975 1387 4059 laudem
1416 3977 1575 4088 adeptus
1602 3981 1672 4072 est,
1701 4009 1779 4061 non
1806 3980 1950 4062 idcirco
1975 3998 2143 4075 tantum,

800 4113 906 4222 quod
935 4141 957 4192 a
988 4114 1090 4194 Coni
1123 4129 1254 4194 natura
1284 4116 1495 4199 sectionum
1523 4116 1738 4198 affectiones
1765 4117 1980 4212 deduxerit,
2009 4119 2072 4198 sed
2089 4119 2145 4200 ob

799 4251 1027 4359 singularem
1055 4250 1436 4352 demonstrationum,
1466 4256 1606 4368 quibus
1634 4257 1676 4339 in
1693 4254 1799 4338 hunc
1819 4256 1940 4339 finem
1964 4256 2052 4339 usus
2071 4258 2143 4353 est,
2254 4268 2257 4273 ’

798 4389 1106 4497 perspicuitatem
1125 4406 1240 4499 atque
1259 4393 1502 4501 elegantiam.

644 4546 741 4590 aveo
855 4527 983 4607 Sedet
1005 4529 1068 4609 ille
1096 4531 1235 4635 interea
1252 4530 1313 4615 his
1333 4536 1420 4644 ipfis
1447 4538 1667 4618 nominibus
1686 4541 1987 4621 Haurnuouo
2013 4539 2144 4621 minor

625 4632 731 4752 leon.
798 4668 869 4765 est,
889 4667 1044 4752 Decano
1062 4671 1317 4781 Armacherfi
1345 4694 1384 4760 et
1402 4676 1572 4788 palmam
1588 4677 1624 4760 ei
1638 4676 1748 4762 cedat
1766 4677 1908 4762 neceffe
1925 4676 1993 4769 est,
2010 4677 2081 4785 qui
2099 4678 2143 4759 in

1873 4815 2143 4900 affectionibus
