5184 6600
797 956 920 1076 282
990 946 1281 1072 Sellionum
1310 947 1618 1069 Coniectum
1647 941 1778 1098 Lm.
1808 950 1950 1071 Vll.

794 1157 854 1278 vel
866 1203 913 1292 K,
924 1223 1011 1305 puta
1026 1204 1072 1299 E,
1083 1203 1231 1277 ducatur
1246 1160 1455 1299 contingens
1469 1200 1552 1288 EL,
1569 1226 1758 1275 occurrens
1774 1200 1996 1301 contingenti
2010 1205 2086 1280 AD
2107 1208 2146 1282 in

796 1324 855 1410 L;
880 1340 918 1396 et
940 1318 1133 1419 jungantur
1149 1322 1217 1407 IA,
1236 1320 1299 1392 IL.
1341 1321 1437 1392 Tum
1455 1317 1577 1413 anguli
1598 1317 1701 1403 IEL,
1721 1318 1813 1390 IAL
1831 1337 1934 1391 erunt
1949 1320 2050 1408 nelli,
2079 1325 2148 1420 per

797 1461 871 1511 cor.
889 1431 997 1535 Pr‘op.
1016 1456 1051 1530 3.
1077 1435 1163 1511 Lib.
1179 1462 1212 1532 5.
1239 1443 1292 1532 (et
1309 1438 1364 1509 18.
1381 1436 1445 1530 3.).
1484 1434 1610 1522 Porro,
1636 1453 1676 1507 ut
1702 1435 1916 1532 quadratum
1941 1460 1985 1509 ex
2002 1437 2076 1511 ΕΙ,
2100 1440 2148 1513 ad

552 1569 557 1577 ·
695 1627 696 1636 ¹
797 1549 1008 1649 quadratum
1029 1574 1073 1623 ex
1089 1553 1163 1624 AL
1179 1549 1225 1625 ita
1240 1551 1450 1650 quadratum
1477 1572 1523 1622 ex
1549 1546 1701 1624 semiaxe
1727 1548 1790 1646 ipfi
1816 1550 1885 1631 EL
1910 1551 2073 1648 parallela
2099 1553 2147 1633 ad
2291 1633 2296 1638 .

796 1663 1009 1761 quadratum
1027 1690 1070 1738 ex
1087 1662 1349 1738 semidiametro
1375 1687 1458 1762 quae
1474 1661 1639 1761 parallelo
1654 1661 1703 1736 est
1719 1660 1782 1759 ipsi
1802 1663 1886 1749 AL,
1904 1687 1969 1761 per
1981 1664 2090 1763 Prop.
2111 1689 2146 1741 1.

796 1777 882 1852 Lib
901 1777 937 1853 6.
962 1778 1123 1882 Qierefi
1141 1779 1214 1853 axis
1227 1778 1296 1853 ΚΕ
1313 1780 1354 1853 fit
1371 1776 1590 1865 transversus,
1609 1776 1677 1851 erit
1695 1779 1906 1877 quadratum
1920 1780 2047 1856 exAL
2065 1807 2147 1856 ma-

789 1888 851 1991 jut
867 1892 1037 1990 quadrato
1053 1916 1096 1966 ex
1112 1892 1195 1980 EL,
1211 1917 1276 1991 per
1293 1917 1364 1967 cor.
1380 1917 1413 1967 2.
1444 1893 1552 1990 Prop.
1570 1915 1623 1989 19.
1643 1890 1728 1970 Lib.
1747 1915 1794 1990 3³
1819 1914 1856 1969 et
1878 1891 2148 1994 quonia'nsunt

795 2007 965 2105 quodnam
980 2031 1024 2080 ex
1048 2006 1321 2105 1A,ALs1mu1
1340 2006 1486 2104 aequalia
1512 2007 1687 2105 quadratis
1711 2031 1756 2081 ex
1773 2010 2036 2098 lE‚ELs1mul
2063 2019 2150 2106 (47.

799 2121 868 2219 1.),
893 2123 959 2199 crit
973 2124 1185 2221 quadratum
1202 2148 1247 2197 ex
1270 2125 1339 2212 IA,
1356 2123 1425 2197 hoc
1442 2124 1506 2211 est,
1532 2125 1752 2221 quadratum
1767 2146 1812 2197 cx
1830 2125 1892 2211 lF,
1918 2124 2034 2219 minue
2049 2148 2148 2223 qua-

794 2237 896 2311 drato
912 2263 956 2311 ex
973 2239 1035 2319 IE.
1062 2238 1162 2337 Ergo
1173 2238 1221 2311 est
1237 2241 1411 2338 punclum
1429 2239 1459 2312 F
1474 2237 1565 2311 intra
1580 2238 1742 2337 ellipsim.
1785 2238 1926 2313 Eodem
1944 2240 2053 2315 modo
2077 2241 2149 2316 de-

797 2353 1049 2429 monstrabitur
1063 2355 1240 2453 pun&um
1257 2357 1287 2428 F
1307 2357 1375 2427 elie
1389 2373 1486 2428 extra
1504 2354 1670 2455 ellipsim,
1687 2355 1713 2428 li
1737 2355 1810 2434 axis
1824 2356 1894 2429 ΚΕ
1910 2354 1952 2429 Iit
1967 2353 2149 2453 conjuga·

614 2489 693 2553 Fic.
710 2508 759 2571 37.
795 2490 854 2548 tus
864 2506 877 2559 ς
902 2491 937 2545 et
964 2472 988 2545 fi
1006 2471 1041 2544 in
1066 2470 1260 2569 hyperbolic
1275 2470 1354 2545 axis
1370 2471 1439 2544 ΚΕ
1460 2471 1508 2544 stt¹
1518 2469 1597 2568 conj
1604 2492 1749 2569 pgatus,
1768 2489 1864 2570 patet
1881 2469 2057 2546 circulum
2073 2470 2152 2545 effe

796 2605 916 2662 totum
933 2605 1034 2659 extra
1050 2582 1273 2681 hyperbolen.
1316 2584 1457 2658 sivero
1478 2583 1630 2659 circulus
1652 2587 1837 2683 contingat
1852 2584 2061 2685 parabolam
2087 2586 2152 2659 vel

795 2700 1039 2806 hyperbolam,
1056 2716 1155 2797 petet
1168 2698 1399 2796 punstumH
1416 2700 1483 2785 eise
1500 2700 1589 2786 intra
1605 2700 1806 2782 sectionem.
1920 2708 1921 2712 ’

846 2817 983 2917 Qare,
1001 2814 1038 2886 in
1056 2817 1190 2886 utrovis
1208 2812 1408 2899 caluerunt
1425 2815 1533 2894 ambo
1549 2816 1679 2914 punela
1695 2818 1752 2903 H,
1768 2816 1798 2891 F
1811 2814 1872 2889 vel
1889 2814 1983 2889 intra
1997 2814 2056 2887 vel
2079 2837 2150 2889 ex·

795 2950 851 3020 tta
864 2928 1078 3013 lestionemt
1104 2946 1141 3001 et
1156 2926 1328 3024 quoniam
1345 2928 1494 3003 circulus
1515 2955 1589 3014 non
1604 2936 1756 3016 occurrit
1772 2930 1916 3005 sectioni
1935 2930 1998 3006 vel
2009 2930 2150 3028 hyper·

794 3043 884 3134 bolis
907 3039 1075 3141 oppofitis
1100 3038 1136 3113 in
1159 3040 1301 3140 punelis
1316 3041 1476 3141 pluribus
1493 3068 1599 3139 quam
1616 3045 1653 3117 in
1677 3046 1728 3133 A,
1736 3046 1780 3133 B,
1807 3068 1870 3140 per
1887 3068 1959 3119 cor.
1975 3064 2010 3118 α.
2032 3043 2150 3142 Prop.

796 3185 857 3257 ²5·
874 3160 964 3236 Lib.
978 3158 1015 3246 6,
1028 3174 1127 3257 patet
1141 3156 1314 3242 circulum
1331 3157 1399 3231 else
1416 3158 1474 3232 vel
1490 3178 1609 3235 totum
1631 3157 1722 3244 intra
1737 3159 1798 3233 vel
1816 3175 1934 3239 totum
1950 3176 2052 3242 extre
2069 3157 2151 3234 soe·

795 3275 931 3352 tionem
947 3273 1005 3349 vel
1021 3271 1234 3372 hyperbolae
1248 3270 1440 3370 oppositas.

615 3408 695 3472 fio.
708 3428 760 3489 37,
844 3390 929 3479 Cor.
944 3392 976 3465 Ι.
1002 3388 1038 3463 Si
1056 3382 1130 3462 (luo
1145 3386 1266 3462 circuli
1280 3387 1490 3486 contingant
1503 3385 1649 3484 ellipsim
1661 3386 1719 3467 vel
1730 3386 1962 3494 hyperbolnrn
1981 3387 2016 3461 in
2028 3412 2152 3486 punc-

619 3504 624 3519 ‘
710 3511 760 3574 ³9·
796 3523 836 3582 to
852 3507 904 3594 A,
920 3503 1101 3579 etiterum
1118 3502 1326 3598 contingant
1341 3500 1489 3598 ellipfim
1504 3502 1562 3574 vel
1572 3501 1780 3599 hyperbolae
1792 3503 1973 3606 oppofitnn
1985 3505 2021 3592 in
2031 3503 2155 3590 B,M5

794 3617 1034 3716 restangulum
1047 3614 1108 3690 sub
1120 3613 1270 3715 ipsontm
1287 3612 1545 3690 semidiamettis
1561 3615 1625 3690 erit
1646 3616 1778 3715 aequale
1795 3619 1966 3715 quadrato
1982 3614 2026 3691 eit
2040 3617 2152 3692 semi-

794 3735 967 3822 diametro
995 3754 1075 3830 quae
1102 3729 1151 3805 est
1168 3726 1387 3826 contingenti
1411 3728 1525 3802 duetae
1540 3756 1604 3830 per
1621 3732 1788 3830 punctum
1812 3737 1851 3808 A
1875 3734 2052 3833 parallelo.
2091 3735 2155 3810 Sit

795 3850 892 3928 enim
908 3847 1005 3928 recia
1020 3847 1075 3921 Al
1089 3842 1303 3946 contingenti
1319 3845 1394 3917 AD
1411 3842 1718 3942 petpendicul'aris,
1744 3866 1781 3931 et
1801 3868 1962 3927 occurrat
1984 3847 2039 3923 axi
2056 3871 2154 3929 con-

685 3956 687 3962 ’
789 3963 918 4064 jugato
932 3964 969 4038 in
984 3963 1015 4048 1,
1031 3979 1067 4034 et
1081 3957 1139 4034 axi
1161 3953 1352 4032 transverso
1376 3957 1413 4030 in
1428 3958 1485 4042 N;
1510 3977 1547 4032 et
1561 3961 1728 4058 qnoniam
1743 3960 1823 4045 sunt
1843 3964 1948 4038 reclae
1959 3967 2042 4052 ἉΒ,
2056 3964 2153 4041 ΑΜ

796 4079 915 4154 axibus
929 4075 1114 4151 ordinatim
1132 4073 1331 4177 applicatae,
1343 4072 1408 4147 erit
1419 4074 1589 4172 punctum
1607 4079 1848 4178 1(cor.l²iop.
1866 4080 1966 4180 1,3,)
1979 4099 2154 4166 centrum

796 4192 914 4272 circuli
929 4194 1010 4280 AB,
1024 4211 1060 4266 et
1076 4193 1249 4290 pundum
1266 4191 1305 4263 N
1324 4213 1481 4267 centmm
1498 4192 1621 4268 circuli
1638 4195 1744 4285 AM,
1759 4215 1796 4270 et
1810 4221 1877 4295 per
1892 4221 1965 4272 cor.
1978 4219 2010 4272 α.
2029 4198 2156 4298 Ptop,

794 4332 857 4404 43.
872 4307 954 4382 Lib.
975 4327 1009 4405 ς.
1038 4306 1088 4380 est
1102 4307 1345 4405 recinigulom
1372 4308 1467 4384 IAN
1483 4310 1615 4407 aequale
1642 4313 1811 4410 quadrato
1825 4337 1871 4388 ex
1883 4314 2153 4390 semidiemctm

796 4421 1005 4518 contingenti
1022 4422 1096 4503 AD
1109 4422 1279 4518 paralleli.

616 4577 693 4638 510.
711 4595 761 4654 37»
844 4537 931 4614 Cor.
947 4536 997 4621 ll.
1025 4533 1062 4607 si
1086 4534 1156 4609 duo
1184 4534 1306 4612 citculi
1338 4537 1549 4637 contingant
1582 4539 1725 4640 elliplim
1754 4543 1815 4617 vel
1845 4540 2078 4644 hyperbolem
2109 4542 2155 4631 ‘u
2242 4517 2251 4548 ⁴

611 4646 612 4649 ’
710 4675 760 4740 ,φ
795 4648 927 4750 puncto
951 4649 1005 4734 A,
1025 4666 1062 4721 et
1085 4647 1210 4724 iterum
1235 4650 1442 4751 contingant
1466 4657 1608 4756 ellipsim
1633 4659 1692 4733 vel
1715 4658 1925 4760 hyperbolae
1949 4657 2157 4757 oppofitas,

796 4763 1031 4864 reclangtlmn
1055 4761 1119 4851 sub
1142 4764 1294 4867 iplontm
1314 4766 1578 4852 semidiametro
1603 4770 1669 4853 etit
1692 4774 1827 4875 aequate
1848 4772 2054 4873 nelwgulo
2077 4772 2156 4850 sub
