<?xml version="1.0" encoding="UTF-8"?>
<!DOCTYPE html PUBLIC "-//W3C//DTD XHTML 1.0 Transitional//EN"
    "http://www.w3.org/TR/xhtml1/DTD/xhtml1-transitional.dtd">
<html xmlns="http://www.w3.org/1999/xhtml" xml:lang="en" lang="en">
 <head>
  <title>
</title>
<meta http-equiv="Content-Type" content="text/html;charset=utf-8" />
  <meta name='ocr-system' content='tesseract 3.04.00' />
  <meta name='ocr-capabilities' content='ocr_page ocr_carea ocr_par ocr_line ocrx_word'/>
</head>
<body>
  <div class='ocr_page' id='page_1' title='image "./sectionumconica00robegoog_0011.png"; bbox 0 0 5184 6600; ppageno 0'>
   <div class='ocr_carea' id='block_1_1' title="bbox 579 2421 1924 2581">
    <p class='ocr_par' dir='ltr' id='par_1_1' title="bbox 579 2421 1924 2581">
     <span class='ocr_line' id='line_1_1' title="bbox 579 2421 1924 2581; baseline 0.001 -77"><span class='ocrx_word' id='word_1_1' title='bbox 579 2427 698 2581; x_wconf 75' lang='grc' dir='ltr'><em>ΡΛ</em></span> <span class='ocrx_word' id='word_1_2' title='bbox 714 2426 838 2504; x_wconf 87' lang='lat' dir='ltr'><em>UCA</em></span> <span class='ocrx_word' id='word_1_3' title='bbox 861 2421 1207 2531; x_wconf 83' lang='lat' dir='ltr'><em>tantummodosimt,</em></span> <span class='ocrx_word' id='word_1_4' title='bbox 1231 2424 1364 2531; x_wconf 67' lang='lat' dir='ltr'><em>Lector</em></span> <span class='ocrx_word' id='word_1_5' title='bbox 1383 2424 1556 2518; x_wconf 79' lang='lat' dir='ltr'><em>benevole,</em></span> <span class='ocrx_word' id='word_1_6' title='bbox 1586 2421 1626 2506; x_wconf 85' lang='lat' dir='ltr'><em>de</em></span> <span class='ocrx_word' id='word_1_7' title='bbox 1641 2424 1763 2533; x_wconf 82' lang='lat' dir='ltr'><em>quibus</em></span> <span class='ocrx_word' id='word_1_8' title='bbox 1780 2442 1814 2504; x_wconf 96' lang='lat' dir='ltr'><em>te</em></span> <span class='ocrx_word' id='word_1_9' title='bbox 1832 2453 1924 2505; x_wconf 90' lang='lat' dir='ltr'><em>com-</em></span> 
     </span>
    </p>
   </div>
   <div class='ocr_carea' id='block_1_2' title="bbox 579 2563 1931 3234">
    <p class='ocr_par' dir='ltr' id='par_1_2' title="bbox 579 2563 1931 3234">
     <span class='ocr_line' id='line_1_2' title="bbox 682 2563 1924 2673; baseline 0.001 -31"><span class='ocrx_word' id='word_1_10' title='bbox 682 2564 898 2671; x_wconf 81' lang='lat' dir='ltr'><em>monefacere</em></span> <span class='ocrx_word' id='word_1_11' title='bbox 922 2564 979 2642; x_wconf 83' lang='lat' dir='ltr'><em>oie</em></span> <span class='ocrx_word' id='word_1_12' title='bbox 997 2564 1066 2643; x_wconf 88' lang='lat' dir='ltr'><em>loci</em></span> <span class='ocrx_word' id='word_1_13' title='bbox 1086 2564 1210 2672; x_wconf 80' lang='lat' dir='ltr'><em>nccesi</em></span> <span class='ocrx_word' id='word_1_14' title='bbox 1228 2565 1286 2673; x_wconf 77' lang='lat' dir='ltr'><em>est.</em></span> <span class='ocrx_word' id='word_1_15' title='bbox 1336 2568 1427 2670; x_wconf 65' lang='lat' dir='ltr'><em>Qun</em></span> <span class='ocrx_word' id='word_1_16' title='bbox 1444 2567 1534 2646; x_wconf 89' lang='lat' dir='ltr'><em>enim</em></span> <span class='ocrx_word' id='word_1_17' title='bbox 1552 2564 1604 2643; x_wconf 83' lang='lat' dir='ltr'><em>od</em></span> <span class='ocrx_word' id='word_1_18' title='bbox 1620 2565 1826 2645; x_wconf 89' lang='lat' dir='ltr'><em>Conicorum</em></span> <span class='ocrx_word' id='word_1_19' title='bbox 1843 2563 1924 2644; x_wconf 84' lang='lat' dir='ltr'><em>doc-</em></span> 
     </span>
     <span class='ocr_line' id='line_1_3' title="bbox 579 2703 1931 2815; baseline -0.005 -26"><span class='ocrx_word' id='word_1_20' title='bbox 579 2710 715 2789; x_wconf 88' lang='lat' dir='ltr'><em>triuom</em></span> <span class='ocrx_word' id='word_1_21' title='bbox 733 2707 771 2786; x_wconf 90' lang='lat' dir='ltr'><em>in</em></span> <span class='ocrx_word' id='word_1_22' title='bbox 787 2733 915 2813; x_wconf 82' lang='lat' dir='ltr'><em>genere</em></span> <span class='ocrx_word' id='word_1_23' title='bbox 933 2706 1132 2815; x_wconf 82' lang='lat' dir='ltr'><em>pertinent,</em></span> <span class='ocrx_word' id='word_1_24' title='bbox 1161 2705 1276 2785; x_wconf 88' lang='lat' dir='ltr'><em>omnin</em></span> <span class='ocrx_word' id='word_1_25' title='bbox 1293 2707 1364 2814; x_wconf 79' lang='lat' dir='ltr'><em>stro</em></span> <span class='ocrx_word' id='word_1_26' title='bbox 1389 2705 1508 2786; x_wconf 84' lang='lat' dir='ltr'><em>ordine</em></span> <span class='ocrx_word' id='word_1_27' title='bbox 1532 2707 1681 2814; x_wconf 84' lang='lat' dir='ltr'><em>exposta</em></span> <span class='ocrx_word' id='word_1_28' title='bbox 1705 2704 1872 2795; x_wconf 75' lang='lat' dir='ltr'><em>invenies,</em></span> <span class='ocrx_word' id='word_1_29' title='bbox 1887 2703 1931 2811; x_wconf 82' lang='lat' dir='ltr'><em>st</em></span> 
     </span>
     <span class='ocr_line' id='line_1_4' title="bbox 580 2843 1926 2956; baseline -0.004 -29"><span class='ocrx_word' id='word_1_30' title='bbox 580 2850 778 2928; x_wconf 68' lang='lat' dir='ltr'><em>tractatum</em></span> <span class='ocrx_word' id='word_1_31' title='bbox 806 2844 904 2927; x_wconf 87' lang='lat' dir='ltr'><em>illum</em></span> <span class='ocrx_word' id='word_1_32' title='bbox 925 2848 1133 2956; x_wconf 88' lang='lat' dir='ltr'><em>perlegeris,</em></span> <span class='ocrx_word' id='word_1_33' title='bbox 1164 2847 1228 2954; x_wconf 88' lang='lat' dir='ltr'><em>qui</em></span> <span class='ocrx_word' id='word_1_34' title='bbox 1254 2846 1371 2953; x_wconf 87' lang='lat' dir='ltr'><em>Operi</em></span> <span class='ocrx_word' id='word_1_35' title='bbox 1396 2845 1478 2924; x_wconf 86' lang='lat' dir='ltr'><em>huic</em></span> <span class='ocrx_word' id='word_1_36' title='bbox 1501 2843 1554 2925; x_wconf 85' lang='lat' dir='ltr'><em>od</em></span> <span class='ocrx_word' id='word_1_37' title='bbox 1573 2846 1699 2924; x_wconf 86' lang='lat' dir='ltr'><em>calcem</em></span> <span class='ocrx_word' id='word_1_38' title='bbox 1717 2844 1926 2954; x_wconf 83' lang='lat' dir='ltr'><em>stcbjicitur.</em></span> 
     </span>
     <span class='ocr_line' id='line_1_5' title="bbox 579 2983 1928 3094; baseline -0.002 -29"><span class='ocrx_word' id='word_1_39' title='bbox 579 2986 675 3093; x_wconf 72' lang='lat' dir='ltr'><em>Quin</em></span> <span class='ocrx_word' id='word_1_40' title='bbox 699 3004 735 3065; x_wconf 91' lang='lat' dir='ltr'><em>et</em></span> <span class='ocrx_word' id='word_1_41' title='bbox 758 2985 811 3065; x_wconf 89' lang='lat' dir='ltr'><em>ibi</em></span> <span class='ocrx_word' id='word_1_42' title='bbox 830 2985 1031 3094; x_wconf 82' lang='lat' dir='ltr'><em>ostenditur,</em></span> <span class='ocrx_word' id='word_1_43' title='bbox 1062 2986 1223 3094; x_wconf 83' lang='lat' dir='ltr'><em>quosnam</em></span> <span class='ocrx_word' id='word_1_44' title='bbox 1242 3015 1285 3065; x_wconf 89' lang='lat' dir='ltr'><em>ex</em></span> <span class='ocrx_word' id='word_1_45' title='bbox 1303 2985 1371 3064; x_wconf 74' lang='lat' dir='ltr'><em>heic</em></span> <span class='ocrx_word' id='word_1_46' title='bbox 1396 2986 1459 3064; x_wconf 87' lang='lat' dir='ltr'><em>vel</em></span> <span class='ocrx_word' id='word_1_47' title='bbox 1479 2984 1542 3064; x_wconf 75' lang='lat' dir='ltr'><em>illc</em></span> <span class='ocrx_word' id='word_1_48' title='bbox 1552 3001 1661 3092; x_wconf 89' lang='lat' dir='ltr'><em>porte</em></span> <span class='ocrx_word' id='word_1_49' title='bbox 1671 2983 1928 3093; x_wconf 81' lang='lat' dir='ltr'><em>stoutistemus</em></span> 
     </span>
     <span class='ocr_line' id='line_1_6' title="bbox 579 3122 1928 3234; baseline -0.003 -29"><span class='ocrx_word' id='word_1_50' title='bbox 579 3127 769 3216; x_wconf 66' lang='lat' dir='ltr'><em>Aublores,</em></span> <span class='ocrx_word' id='word_1_51' title='bbox 799 3124 835 3202; x_wconf 94' lang='lat' dir='ltr'><em>in</em></span> <span class='ocrx_word' id='word_1_52' title='bbox 855 3124 897 3202; x_wconf 90' lang='lat' dir='ltr'><em>iis</em></span> <span class='ocrx_word' id='word_1_53' title='bbox 914 3123 1117 3234; x_wconf 69' lang='lat' dir='ltr'><em>pracsertim</em></span> <span class='ocrx_word' id='word_1_54' title='bbox 1136 3153 1216 3231; x_wconf 83' lang='lat' dir='ltr'><em>quoe</em></span> <span class='ocrx_word' id='word_1_55' title='bbox 1228 3123 1429 3232; x_wconf 82' lang='lat' dir='ltr'><em>stobtilioris</em></span> <span class='ocrx_word' id='word_1_56' title='bbox 1452 3122 1658 3227; x_wconf 85' lang='lat' dir='ltr'><em>argumenti</em></span> <span class='ocrx_word' id='word_1_57' title='bbox 1664 3125 1771 3230; x_wconf 84' lang='lat' dir='ltr'><em>stent,</em></span> <span class='ocrx_word' id='word_1_58' title='bbox 1801 3122 1928 3201; x_wconf 86' lang='lat' dir='ltr'><em>autin</em></span> 
     </span>
    </p>
   </div>
   <div class='ocr_carea' id='block_1_3' title="bbox 567 3258 1929 3784">
    <p class='ocr_par' dir='ltr' id='par_1_3' title="bbox 567 3258 1929 3784">
     <span class='ocr_line' id='line_1_7' title="bbox 578 3258 1929 3374; baseline -0.003 -30"><span class='ocrx_word' id='word_1_59' title='bbox 578 3263 703 3374; x_wconf 86' lang='lat' dir='ltr'><em>quibus</em></span> <span class='ocrx_word' id='word_1_60' title='bbox 720 3261 1002 3371; x_wconf 72' lang='lat' dir='ltr'><em>prestantiorem</em></span> <span class='ocrx_word' id='word_1_61' title='bbox 1021 3261 1124 3341; x_wconf 90' lang='lat' dir='ltr'><em>unius</em></span> <span class='ocrx_word' id='word_1_62' title='bbox 1142 3262 1296 3371; x_wconf 69' lang='lat' dir='ltr'><em>coszosois</em></span> <span class='ocrx_word' id='word_1_63' title='bbox 1321 3288 1425 3369; x_wconf 86' lang='lat' dir='ltr'><em>quom</em></span> <span class='ocrx_word' id='word_1_64' title='bbox 1442 3261 1591 3340; x_wconf 84' lang='lat' dir='ltr'><em>aliorum</em></span> <span class='ocrx_word' id='word_1_65' title='bbox 1614 3258 1807 3341; x_wconf 82' lang='lat' dir='ltr'><em>methodum</em></span> <span class='ocrx_word' id='word_1_66' title='bbox 1816 3259 1890 3369; x_wconf 87' lang='lat' dir='ltr'><em>sui</em></span> <span class='ocrx_word' id='word_1_67' title='bbox 1910 3289 1929 3340; x_wconf 89' lang='lat' dir='ltr'><em>e</em></span> 
     </span>
     <span class='ocr_line' id='line_1_8' title="bbox 567 3397 1927 3508; baseline 0 -29"><span class='ocrx_word' id='word_1_68' title='bbox 567 3398 820 3506; x_wconf 73' lang='lat' dir='ltr'><em>judicavimus.</em></span> <span class='ocrx_word' id='word_1_69' title='bbox 878 3397 1030 3479; x_wconf 85' lang='lat' dir='ltr'><em>Omnino</em></span> <span class='ocrx_word' id='word_1_70' title='bbox 1047 3398 1150 3491; x_wconf 91' lang='lat' dir='ltr'><em>enim,</em></span> <span class='ocrx_word' id='word_1_71' title='bbox 1177 3398 1293 3508; x_wconf 82' lang='lat' dir='ltr'><em>quood</em></span> <span class='ocrx_word' id='word_1_72' title='bbox 1308 3397 1436 3506; x_wconf 88' lang='lat' dir='ltr'><em>Operis</em></span> <span class='ocrx_word' id='word_1_73' title='bbox 1453 3397 1563 3507; x_wconf 88' lang='lat' dir='ltr'><em>nostri</em></span> <span class='ocrx_word' id='word_1_74' title='bbox 1577 3397 1760 3490; x_wconf 87' lang='lat' dir='ltr'><em>rationem,</em></span> <span class='ocrx_word' id='word_1_75' title='bbox 1773 3400 1927 3507; x_wconf 87' lang='lat' dir='ltr'><em>complu-</em></span> 
     </span>
     <span class='ocr_line' id='line_1_9' title="bbox 578 3534 1927 3648; baseline 0.001 -31"><span class='ocrx_word' id='word_1_76' title='bbox 578 3540 635 3618; x_wconf 82' lang='lat' dir='ltr'><em>ria</em></span> <span class='ocrx_word' id='word_1_77' title='bbox 659 3567 703 3617; x_wconf 90' lang='lat' dir='ltr'><em>ex</em></span> <span class='ocrx_word' id='word_1_78' title='bbox 727 3537 770 3616; x_wconf 91' lang='lat' dir='ltr'><em>iis</em></span> <span class='ocrx_word' id='word_1_79' title='bbox 792 3536 952 3615; x_wconf 85' lang='lat' dir='ltr'><em>mutuati</em></span> <span class='ocrx_word' id='word_1_80' title='bbox 962 3539 1104 3645; x_wconf 83' lang='lat' dir='ltr'><em>stemus,</em></span> <span class='ocrx_word' id='word_1_81' title='bbox 1135 3538 1198 3646; x_wconf 90' lang='lat' dir='ltr'><em>qui</em></span> <span class='ocrx_word' id='word_1_82' title='bbox 1224 3537 1266 3616; x_wconf 87' lang='lat' dir='ltr'><em>de</em></span> <span class='ocrx_word' id='word_1_83' title='bbox 1285 3536 1422 3616; x_wconf 90' lang='lat' dir='ltr'><em>Conicis</em></span> <span class='ocrx_word' id='word_1_84' title='bbox 1446 3553 1521 3615; x_wconf 87' lang='lat' dir='ltr'><em>tom</em></span> <span class='ocrx_word' id='word_1_85' title='bbox 1545 3534 1668 3645; x_wconf 86' lang='lat' dir='ltr'><em>copiose</em></span> <span class='ocrx_word' id='word_1_86' title='bbox 1688 3537 1927 3648; x_wconf 71' lang='lat' dir='ltr'><em>scrpstrunt‚</em></span> 
     </span>
     <span class='ocr_line' id='line_1_10' title="bbox 580 3674 1929 3784; baseline 0 -27"><span class='ocrx_word' id='word_1_87' title='bbox 580 3679 776 3757; x_wconf 83' lang='lat' dir='ltr'><em>Geometrae</em></span> <span class='ocrx_word' id='word_1_88' title='bbox 797 3679 937 3754; x_wconf 87' lang='lat' dir='ltr'><em>Veteres</em></span> <span class='ocrx_word' id='word_1_89' title='bbox 960 3694 996 3755; x_wconf 90' lang='lat' dir='ltr'><em>et</em></span> <span class='ocrx_word' id='word_1_90' title='bbox 1014 3677 1256 3767; x_wconf 84' lang='lat' dir='ltr'><em>Recentiores;</em></span> <span class='ocrx_word' id='word_1_91' title='bbox 1289 3704 1370 3783; x_wconf 75' lang='lat' dir='ltr'><em>qun</em></span> <span class='ocrx_word' id='word_1_92' title='bbox 1387 3704 1411 3753; x_wconf 85' lang='lat' dir='ltr'><em>a</em></span> <span class='ocrx_word' id='word_1_93' title='bbox 1435 3674 1530 3754; x_wconf 87' lang='lat' dir='ltr'><em>nobis</em></span> <span class='ocrx_word' id='word_1_94' title='bbox 1547 3676 1744 3782; x_wconf 86' lang='lat' dir='ltr'><em>excogitata</em></span> <span class='ocrx_word' id='word_1_95' title='bbox 1754 3679 1861 3784; x_wconf 77' lang='lat' dir='ltr'><em>stent,</em></span> <span class='ocrx_word' id='word_1_96' title='bbox 1890 3676 1929 3758; x_wconf 93' lang='lat' dir='ltr'><em>in</em></span> 
     </span>
    </p>
   </div>
   <div class='ocr_carea' id='block_1_4' title="bbox 577 3813 1933 5035">
    <p class='ocr_par' dir='ltr' id='par_1_4' title="bbox 577 3813 1929 4320">
     <span class='ocr_line' id='line_1_11' title="bbox 578 3813 1927 3926; baseline 0 -31"><span class='ocrx_word' id='word_1_97' title='bbox 578 3814 778 3926; x_wconf 83' lang='lat' dir='ltr'><em>quibusdem</em></span> <span class='ocrx_word' id='word_1_98' title='bbox 804 3815 908 3921; x_wconf 85' lang='lat' dir='ltr'><em>hujus</em></span> <span class='ocrx_word' id='word_1_99' title='bbox 919 3816 1083 3922; x_wconf 70' lang='lat' dir='ltr'><em>scientiae</em></span> <span class='ocrx_word' id='word_1_100' title='bbox 1102 3813 1104 3818; x_wconf 67' lang='grc'><strong>’</strong></span> <span class='ocrx_word' id='word_1_101' title='bbox 1109 3814 1363 3924; x_wconf 85' lang='lat' dir='ltr'><em>partitionibus</em></span> <span class='ocrx_word' id='word_1_102' title='bbox 1386 3814 1422 3892; x_wconf 89' lang='lat' dir='ltr'><em>in</em></span> <span class='ocrx_word' id='word_1_103' title='bbox 1447 3813 1637 3893; x_wconf 86' lang='lat' dir='ltr'><em>uberiorem</em></span> <span class='ocrx_word' id='word_1_104' title='bbox 1661 3844 1782 3895; x_wconf 87' lang='lat' dir='ltr'><em>eorum</em></span> <span class='ocrx_word' id='word_1_105' title='bbox 1813 3816 1927 3924; x_wconf 85' lang='lat' dir='ltr'><em>expli-</em></span> 
     </span>
     <span class='ocr_line' id='line_1_12' title="bbox 578 3952 1928 4063; baseline 0.002 -30"><span class='ocrx_word' id='word_1_106' title='bbox 578 3955 744 4034; x_wconf 87' lang='lat' dir='ltr'><em>cationem</em></span> <span class='ocrx_word' id='word_1_107' title='bbox 757 3952 1027 4059; x_wconf 73' lang='lat' dir='ltr'><em>ecij&#39;ecimus,vel</em></span> <span class='ocrx_word' id='word_1_108' title='bbox 1039 3953 1320 4061; x_wconf 69' lang='lat' dir='ltr'><em>interdumque</em></span> <span class='ocrx_word' id='word_1_109' title='bbox 1337 3954 1502 4032; x_wconf 88' lang='lat' dir='ltr'><em>nonnullo</em></span> <span class='ocrx_word' id='word_1_110' title='bbox 1515 3956 1627 4060; x_wconf 83' lang='lat' dir='ltr'><em>magis</em></span> <span class='ocrx_word' id='word_1_111' title='bbox 1644 3956 1805 4035; x_wconf 88' lang='lat' dir='ltr'><em>concinne</em></span> <span class='ocrx_word' id='word_1_112' title='bbox 1823 3985 1928 4063; x_wconf 84' lang='lat' dir='ltr'><em>quum</em></span> 
     </span>
     <span class='ocr_line' id='line_1_13' title="bbox 577 4090 1929 4202; baseline 0.003 -32"><span class='ocrx_word' id='word_1_113' title='bbox 577 4109 695 4182; x_wconf 82' lang='lat' dir='ltr'><em>anteo,</em></span> <span class='ocrx_word' id='word_1_114' title='bbox 725 4107 833 4198; x_wconf 86' lang='lat' dir='ltr'><em>atque</em></span> <span class='ocrx_word' id='word_1_115' title='bbox 859 4092 1049 4198; x_wconf 80' lang='lat' dir='ltr'><em>elegantius</em></span> <span class='ocrx_word' id='word_1_116' title='bbox 1083 4090 1313 4200; x_wconf 72' lang='lat' dir='ltr'><em>demoossrata</em></span> <span class='ocrx_word' id='word_1_117' title='bbox 1341 4091 1513 4184; x_wconf 86' lang='lat' dir='ltr'><em>exhibere,</em></span> <span class='ocrx_word' id='word_1_118' title='bbox 1542 4111 1656 4201; x_wconf 75' lang='lat' dir='ltr'><em>opera</em></span> <span class='ocrx_word' id='word_1_119' title='bbox 1683 4095 1842 4201; x_wconf 91' lang='lat' dir='ltr'><em>pretium</em></span> <span class='ocrx_word' id='word_1_120' title='bbox 1868 4094 1929 4202; x_wconf 69' lang='lat' dir='ltr'><em>‘ff&#39;</em></span> 
     </span>
     <span class='ocr_line' id='line_1_14' title="bbox 577 4226 1808 4320; baseline 0.002 -14"><span class='ocrx_word' id='word_1_121' title='bbox 577 4226 755 4306; x_wconf 85' lang='lat' dir='ltr'><em>duximus.</em></span> <span class='ocrx_word' id='word_1_122' title='bbox 1806 4317 1808 4320; x_wconf 56' lang='grc'><strong>,</strong></span> 
     </span>
    </p>

    <p class='ocr_par' dir='ltr' id='par_1_5' title="bbox 579 4367 1933 5035">
     <span class='ocr_line' id='line_1_15' title="bbox 633 4367 1929 4487; baseline 0.007 -42"><span class='ocrx_word' id='word_1_123' title='bbox 633 4370 729 4476; x_wconf 86' lang='lat' dir='ltr'><em>Jam</em></span> <span class='ocrx_word' id='word_1_124' title='bbox 753 4384 871 4446; x_wconf 87' lang='lat' dir='ltr'><em>nutem</em></span> <span class='ocrx_word' id='word_1_125' title='bbox 896 4397 978 4476; x_wconf 84' lang='lat' dir='ltr'><em>quae</em></span> <span class='ocrx_word' id='word_1_126' title='bbox 1002 4367 1175 4450; x_wconf 86' lang='lat' dir='ltr'><em>docuimus</em></span> <span class='ocrx_word' id='word_1_127' title='bbox 1198 4368 1312 4447; x_wconf 87' lang='lat' dir='ltr'><em>omnio</em></span> <span class='ocrx_word' id='word_1_128' title='bbox 1336 4368 1373 4448; x_wconf 93' lang='lat' dir='ltr'><em>in</em></span> <span class='ocrx_word' id='word_1_129' title='bbox 1398 4371 1503 4452; x_wconf 90' lang='lat' dir='ltr'><em>libros</em></span> <span class='ocrx_word' id='word_1_130' title='bbox 1512 4375 1648 4481; x_wconf 89' lang='lat' dir='ltr'><em>septem</em></span> <span class='ocrx_word' id='word_1_131' title='bbox 1673 4373 1819 4481; x_wconf 86' lang='lat' dir='ltr'><em>partita</em></span> <span class='ocrx_word' id='word_1_132' title='bbox 1836 4375 1929 4487; x_wconf 82' lang='lat' dir='ltr'><em>stent</em></span> 
     </span>
     <span class='ocr_line' id='line_1_16' title="bbox 579 4504 1930 4624; baseline 0.006 -40"><span class='ocrx_word' id='word_1_133' title='bbox 579 4535 723 4624; x_wconf 82' lang='lat' dir='ltr'><em>quorum</em></span> <span class='ocrx_word' id='word_1_134' title='bbox 742 4504 883 4614; x_wconf 87' lang='lat' dir='ltr'><em>priores</em></span> <span class='ocrx_word' id='word_1_135' title='bbox 901 4526 1053 4617; x_wconf 85' lang='lat' dir='ltr'><em>quotuor</em></span> <span class='ocrx_word' id='word_1_136' title='bbox 1072 4509 1273 4588; x_wconf 87' lang='lat' dir='ltr'><em>Elementa</em></span> <span class='ocrx_word' id='word_1_137' title='bbox 1294 4509 1544 4603; x_wconf 84' lang='lat' dir='ltr'><em>Conicorum,</em></span> <span class='ocrx_word' id='word_1_138' title='bbox 1573 4532 1615 4592; x_wconf 90' lang='lat' dir='ltr'><em>ut</em></span> <span class='ocrx_word' id='word_1_139' title='bbox 1638 4511 1737 4620; x_wconf 84' lang='lat' dir='ltr'><em>opud</em></span> <span class='ocrx_word' id='word_1_140' title='bbox 1749 4513 1930 4621; x_wconf 85' lang='lat' dir='ltr'><em>plerosque</em></span> 
     </span>
     <span class='ocr_line' id='line_1_17' title="bbox 580 4642 1933 4759; baseline 0.007 -38"><span class='ocrx_word' id='word_1_141' title='bbox 580 4642 741 4742; x_wconf 83' lang='lat' dir='ltr'><em>audiunt,</em></span> <span class='ocrx_word' id='word_1_142' title='bbox 771 4645 858 4755; x_wconf 87' lang='lat' dir='ltr'><em>inse</em></span> <span class='ocrx_word' id='word_1_143' title='bbox 881 4647 1038 4740; x_wconf 81' lang='lat' dir='ltr'><em>hobent3</em></span> <span class='ocrx_word' id='word_1_144' title='bbox 1066 4644 1196 4756; x_wconf 88' lang='lat' dir='ltr'><em>reliqui</em></span> <span class='ocrx_word' id='word_1_145' title='bbox 1216 4645 1253 4723; x_wconf 90' lang='lat' dir='ltr'><em>in</em></span> <span class='ocrx_word' id='word_1_146' title='bbox 1276 4674 1394 4725; x_wconf 91' lang='lat' dir='ltr'><em>eorum</em></span> <span class='ocrx_word' id='word_1_147' title='bbox 1413 4649 1509 4756; x_wconf 83' lang='lat' dir='ltr'><em>ustem</em></span> <span class='ocrx_word' id='word_1_148' title='bbox 1536 4651 1723 4759; x_wconf 70' lang='lat' dir='ltr'><em>cooscripti</em></span> <span class='ocrx_word' id='word_1_149' title='bbox 1731 4655 1840 4758; x_wconf 83' lang='lat' dir='ltr'><em>stent,</em></span> <span class='ocrx_word' id='word_1_150' title='bbox 1869 4652 1933 4758; x_wconf 87' lang='lat' dir='ltr'><em>qui</em></span> 
     </span>
     <span class='ocr_line' id='line_1_18' title="bbox 581 4782 1929 4898; baseline 0.004 -38"><span class='ocrx_word' id='word_1_151' title='bbox 581 4782 774 4862; x_wconf 62' lang='lat' dir='ltr'><em>Sedunum</em></span> <span class='ocrx_word' id='word_1_152' title='bbox 792 4785 1005 4892; x_wconf 77' lang='lat' dir='ltr'><em>Afflcotones</em></span> <span class='ocrx_word' id='word_1_153' title='bbox 1015 4786 1159 4895; x_wconf 87' lang='lat' dir='ltr'><em>penitus</em></span> <span class='ocrx_word' id='word_1_154' title='bbox 1169 4786 1384 4893; x_wconf 87' lang='lat' dir='ltr'><em>pernoscere,</em></span> <span class='ocrx_word' id='word_1_155' title='bbox 1403 4804 1439 4866; x_wconf 93' lang='lat' dir='ltr'><em>et</em></span> <span class='ocrx_word' id='word_1_156' title='bbox 1455 4788 1507 4868; x_wconf 85' lang='lat' dir='ltr'><em>od</em></span> <span class='ocrx_word' id='word_1_157' title='bbox 1516 4788 1723 4898; x_wconf 70' lang='lat' dir='ltr'><em>edscendom</em></span> <span class='ocrx_word' id='word_1_158' title='bbox 1742 4790 1929 4871; x_wconf 86' lang='lat' dir='ltr'><em>Newtoni</em></span> 
     </span>
     <span class='ocr_line' id='line_1_19' title="bbox 581 4913 1655 5035; baseline 0.011 -39"><span class='ocrx_word' id='word_1_159' title='bbox 581 4913 1078 5032; x_wconf 77' lang='lat' dir='ltr'><em>Philosopbmmstebfidmsibi</em></span> <span class='ocrx_word' id='word_1_160' title='bbox 1093 4954 1136 5006; x_wconf 88' lang='lat' dir='ltr'><em>ex</em></span> <span class='ocrx_word' id='word_1_161' title='bbox 1155 4922 1290 5004; x_wconf 89' lang='lat' dir='ltr'><em>Conicis</em></span> <span class='ocrx_word' id='word_1_162' title='bbox 1308 4944 1514 5035; x_wconf 81' lang='lat' dir='ltr'><em>comparare</em></span> <span class='ocrx_word' id='word_1_163' title='bbox 1530 4927 1655 5008; x_wconf 86' lang='lat' dir='ltr'><em>velint.</em></span> 
     </span>
    </p>
   </div>
   <div class='ocr_carea' id='block_1_5' title="bbox 1827 5060 1934 5168">
    <p class='ocr_par' dir='ltr' id='par_1_6' title="bbox 1827 5060 1934 5168">
     <span class='ocr_line' id='line_1_20' title="bbox 1827 5060 1934 5168; baseline -0.009 -28"><span class='ocrx_word' id='word_1_164' title='bbox 1827 5060 1934 5168; x_wconf 62' lang='lat' dir='ltr'><em>Quo</em></span> 
     </span>
    </p>
   </div>
   <div class='ocr_carea' id='block_1_6' title="bbox 0 0 2600 6596">
    <p class='ocr_par' dir='ltr' id='par_1_7' title="bbox 0 0 2600 6596">
     <span class='ocr_line' id='line_1_21' title="bbox 0 0 2600 6596; baseline 0 0"><span class='ocrx_word' id='word_1_165' title='bbox 0 0 2600 6596; x_wconf 95' lang='lat' dir='ltr'><em> </em></span> 
     </span>
    </p>
   </div>
  </div>
 </body>
</html>
