5184 6600
624 1004 914 1128 Senianum
953 1000 1261 1125 Conicarum
1305 1004 1441 1122 [ΑΒ.
1463 1005 1582 1121 VI.
1666 1046 1795 1165 ¹229

453 1265 595 1338 dratum
612 1283 659 1336 ex
676 1259 739 1334 CB
755 1260 849 1358 (cor.
864 1280 898 1332 a.
916 1277 975 1333 ao.
987 1254 1039 1345 6.)
1057 1253 1124 1328 erit
1139 1262 1216 1345 (aa.
1233 1252 1289 1348 6.)
1301 1254 1364 1331 ΕΒ
1382 1255 1427 1327 ad
1443 1247 1503 1328 FB
1521 1274 1561 1329 ut
1573 1256 1639 1329 AB
1657 1255 1703 1328 ad
1719 1255 1792 1335 CB·
1914 1297 1919 1305 ·-

454 1382 578 1477 Qrare
600 1374 669 1449 erit
683 1374 754 1450 EA
778 1373 823 1446 ad
838 1375 906 1448 AB
922 1390 963 1444 ut
989 1369 1052 1444 FC
1069 1368 1115 1443 ad
1131 1370 1207 1456 css,
1229 1370 1297 1441 hoc
1315 1367 1449 1466 est,»(r.
1468 1368 1531 1461 6.).
1545 1370 1794 1467 redtangulum

455 1493 519 1568 sub
536 1492 619 1577 EA,
636 1491 704 1565 BD
727 1489 771 1562 ad
794 1486 1039 1583 redbangulum
1056 1485 1173 1571 ΑΒΗ,
1198 1502 1240 1556 ut
1267 1483 1513 1581 reebangulum
1527 1484 1682 1558 Fcssad
1703 1507 1795 1581 qua·
1868 1549 1870 1552 .

454 1608 597 1682 dratum
614 1631 658 1678 ex
674 1605 747 1679 CB.
785 1602 855 1677 Sed
867 1599 1081 1699 quadratum
1098 1621 1143 1673 ex
1156 1599 1219 1674 CB
1237 1599 1375 1695 aequale
1393 1597 1442 1671 est
1454 1599 1659 1698 restangulo
1675 1600 1796 1685 ABD,

454 1741 492 1795 et
517 1718 665 1819 proinde
695 1724 772 1811 (14
786 1714 841 1812 5.)
869 1713 1114 1810 restangolum
1146 1709 1209 1784 sub
1230 1712 1314 1800 EA,
1328 1707 1558 1813 BD’aequaie
1587 1712 1796 1812 redtangulo

455 1837 486 1911 F
488 1837 549 1909 CB
563 1867 576 1922 ς
594 1851 630 1906 et
645 1830 817 1929 quoniam
833 1827 882 1902 est
894 1827 989 1901 reda
1000 1827 1059 1901 FB
1076 1825 1227 1924 aequalis
1243 1824 1390 1900 summa
1408 1827 1466 1900 vel
1482 1826 1690 1901 differentiae
1702 1829 1805 1919 rete--

337 1938 340 1943 ’
456 1972 557 2023 arum
573 1946 657 2033 EA,
671 1946 753 2034 BD,
770 1943 836 2019 erit
846 1942 941 2016 reeta
953 1942 1018 2014 BD
1034 1939 1182 2039 aqualis
1199 1938 1272 2026 uni,
1289 1959 1327 2015 et
1337 1940 1431 2015 reda
1443 1940 1515 2014 EA
1531 1942 1679 2040 aequalis
1692 1942 1797 2017 alteri
1844 2039 1847 2043 ι

455 2066 719 2163 segmentorum
742 2060 821 2148 FC,
837 2043 921 2135 CB.⁴
953 2057 1078 2131 Rettae
1093 2079 1180 2132 vero
1200 2058 1282 2144 AB,
1300 2057 1366 2129 BD
1392 2052 1471 2129 sunt
1498 2055 1706 2153 inaequales,
1729 2078 1796 2157 per

456 2176 677 2275 hypothesin,
693 2173 875 2250 etidcirco
891 2170 958 2245 BD
974 2193 1046 2245 non
1058 2167 1108 2243 est
1118 2169 1267 2267 aqualis
1278 2168 1463 2269 segmento
1478 2168 1553 2243 Bc.
1582 2170 1678 2268 Ergo
1691 2189 1795 2247 erunt

457 2290 563 2365 redae
585 2290 670 2377 EA,
683 2290 744 2364 CB
770 2284 822 2362 uti
841 2285 948 2360 etiam
969 2283 1047 2371 FC,
1062 2284 1129 2358 BD
1160 2283 1251 2359 inter
1276 2284 1311 2359 se
1327 2286 1496 2384 aequaIes,
1523 2305 1560 2360 et
1584 2285 1733 2387 proinde
1753 2306 1798 2364 ut

458 2406 525 2480 AB
541 2404 588 2478 ad
602 2403 675 2480 ΑΕ
690 2403 741 2478 ita
756 2402 828 2478 ΑΕ
844 2400 890 2475 ad
907 2398 985 2476 BD.

910 2801 1009 2883 PR
1040 2800 1157 2883 ΟΡ.
1220 2798 1341 2880 VIII.

460 3012 500 3097 Si
519 3009 712 3124 parabola
731 3010 934 3099 diameter,
955 3008 1016 3087 vel
1032 3010 1132 3089 resta
1147 3004 1368 3114 asymptoto
1382 3004 1609 3115 hyperbole
1626 3008 1794 3119 paralle-

519 3137 572 3232 la,
593 3150 771 3216 occurrat
783 3130 936 3240 duabus
949 3131 1287 3241 contingentibus,
1305 3148 1345 3210 et
1365 3132 1476 3211 πᾶα
1490 3130 1677 3240 jungenti
1695 3158 1795 3214 con·

519 3260 671 3351 eaerum
689 3256 763 3337 erit
776 3250 1008 3364 quadratum
1023 3280 1071 3334 ex
1091 3252 1293 3363 segmento
1313 3252 1396 3362 ejus
1409 3254 1512 3334 inter
1530 3252 1741 3336 sectionem
1754 3275 1799 3339 et

507 3383 744 3492 jungentem
764 3365 982 3470 contaetus,
1001 3376 1146 3487 aequale
1166 3375 1392 3484 rediaogulo
1420 3393 1609 3460 contento
1635 3378 1798 3490 reliquia

518 3505 600 3614 ejus
623 3501 860 3613 segmentia;
889 3499 984 3581 seiz.
1006 3502 1110 3582 inter
1130 3498 1405 3580 sedionemret
1422 3501 1712 3612 contingenter.
1747 3528 1748 3531 ‘

530 3727 741 3827 Iparabolae
757 3725 941 3811 diameter,
964 3724 1025 3799 vel
1050 3727 1146 3813 reeta
1169 3723 1370 3823 asymptoto
1393 3724 1597 3822 hyperboiae
1620 3729 1797 3825 parallela,
1822 3728 1905 3824 5¹⁰·
1930 3745 1983 3800 tt,

549 3840 699 3918 transeat
714 3863 780 3938 per
794 3840 969 3939 punitum
982 3837 1102 3935 inquo
1115 3837 1360 3935 contingentes
1372 3836 1435 3910 fibi
1448 3838 1602 3913 invicem
1614 3864 1799 3919 occurrant
1933 3829 1982 3952 ξ’

458 3959 566 4055 Prop.
584 3973 684 4053 patet
704 3977 747 4026 ex
764 3975 835 4026 cor.
852 3974 886 4026 2.
914 3951 1022 4048 Prop.
1039 3977 1074 4047 5.
1114 3951 1175 4025 Sin
1192 3951 1324 4040 minus,
1351 3951 1561 4050 contingant
1584 3953 1666 4028 duae
1690 3956 1798 4032 restae
1950 3909 1981 3969 ³⁹
2022 3986 2026 3999 ·

461 4069 559 4157 MN,
585 4069 666 4143 ΜΟ
699 4059 927 4166 parabolam,'
952 4065 1198 4164 hyperbolem,
1232 4066 1290 4138 vel
1319 4064 1497 4165 oppofitas
1522 4058 1732 4167 hyperbolas
1761 4072 1800 4146 irr

460 4182 601 4282 pondis
627 4184 680 4271 N,
693 4183 744 4270 Ο,
772 4181 923 4256 ducatur
950 4180 1046 4254 reda
1069 4181 1143 4254 TX
1170 4205 1253 4279 quar
1278 4180 1320 4254 stt
1343 4180 1515 4256 diameter
1541 4184 1718 4280 parabolae
1740 4187 1801 4259 vei
1936 4194 1939 4199 ’

459 4298 661 4397 asymptoto
674 4297 878 4397 hyperbolae
895 4297 1074 4396 parallela,
1091 4320 1278 4371 occurrens
1293 4299 1473 4398 parabolae
1487 4298 1544 4371 vel
1562 4299 1717 4373 alterutri
1731 4299 1798 4397 hy'-

458 4415 616 4513 perbolae
632 4413 670 4487 in
687 4415 732 4503 E,
758 4408 1051 4508 contingentibus'
1078 4411 1115 4484 in
1132 4414 1183 4499 A,
1194 4412 1230 4485 D
1257 4431 1293 4485 et
1303 4410 1467 4513 jungenti
1484 4412 1668 4486 contaetus
1690 4413 1729 4486 in
1744 4416 1799 4501 B3

460 4529 529 4602 erit
546 4528 760 4626 quadratum
773 4552 816 4601 ex
827 4527 889 4601 ΕΒ
906 4524 1041 4623 aequale
1058 4526 1263 4623 redangulo
1275 4527 1393 4600 AED.

441 4651 446 4656 ’
513 4652 585 4746 cat
603 4672 634 4722 1.
661 4648 698 4723 Si
723 4649 828 4724 κᾶε
844 4646 1087 4746 contingentes
1111 4649 1317 4748 parabolam
1334 4649 1392 4722 vel
1413 4647 1644 4746 hyperboiam
1663 4650 1726 4726 fibi
1743 4650 1798 4726 in·
1830 4658 1908 4720 1²10.
1932 4671 1983 4728 υ,

460 4759 582 4835 vicem
597 4781 785 4837 occurrant
802 4763 838 4836 in
854 4763 914 4850 M,
932 4786 953 4835 a
971 4760 1106 4857 pundo
1121 4762 1158 4834 D
1173 4762 1297 4860 inquo
1311 4764 1384 4836 TX
1397 4760 1460 4836 uni
1477 4786 1497 4836 e
1514 4763 1800 4861 contingentibus
1921 4753 1980 4859 ,¹²¹

461 4872 628 4967 occurrit,
646 4877 798 4953 ducator
816 4879 911 4956 reeta
923 4875 1023 4954 alteri
1042 4877 1262 4976 contingenti
1278 4874 1448 4977 parallela
1469 4872 1587 4953 secana
1608 4876 1801 4954 sectionem

1762 5013 1803 5065 m
