5184 6600
925 1004 1025 1121 De
1064 999 1354 1123 Parabola.
1712 1046 1786 1169 75

506 1225 589 1302 Cor.
607 1224 637 1301 l.
663 1222 898 1300 Manentibus
909 1220 989 1321 jarn
1005 1222 1127 1322 politis
1146 1224 1182 1298 in
1205 1223 1459 1322 Propolitione,
1485 1223 1708 1323 segmentum
1724 1252 1790 1327 pa-

453 1341 653 1417 rabolicum
674 1343 767 1415 ABC
784 1340 829 1413 ad
846 1338 1065 1437 triangulum
1082 1341 1185 1414 AEC
1203 1341 1253 1413 ita
1267 1339 1300 1411 se
1318 1339 1424 1413 habet
1440 1357 1480 1412 ut
1496 1363 1517 1413 a
1534 1341 1578 1413 ad
1592 1363 1627 1436 3.

440 1441 445 1444 Α
505 1458 587 1529 Cor.
609 1457 656 1530 ΙΙ.
684 1457 917 1552 Segrnentum
943 1456 1187 1552 parabolicum
1215 1456 1314 1529 ABC
1345 1455 1389 1526 ad
1413 1454 1789 1553 parallelogrammum

454 1568 759 1667 circumscriptum
776 1568 825 1644 ita
835 1568 875 1668 'se
891 1570 999 1644 habet
1018 1592 1059 1646 ut
1081 1595 1101 1645 a
1122 1571 1168 1644 ad
1183 1594 1219 1667 3.
1270 1568 1415 1645 Caeteris
1433 1571 1531 1644 enim
1548 1570 1788 1659 manentibus,

450 1684 629 1758 ducantur
654 1710 722 1784 per
742 1684 875 1784 pundta
896 1686 992 1774 A,C
1012 1684 1177 1761 diametri
1205 1688 1293 1774 AR,
1310 1687 1368 1759 CS
1391 1706 1618 1760 occurrentes
1640 1685 1676 1758 in
1696 1685 1746 1772 R,
1763 1685 1789 1759 S

450 1797 674 1895 contingenti
697 1800 775 1873 FG.
828 1799 1011 1900 Quoniam
1037 1799 1157 1898 igitur,
1184 1825 1247 1899 per
1271 1798 1566 1875 constructionem
1587 1818 1626 1874 et
1644 1799 1729 1872 Cor.
1753 1822 1787 1875 1.

442 1912 538 1989 -Det
568 1939 604 2008 3,
630 1913 710 1988 sunt
732 1913 822 1988 inter
848 1913 880 1988 se
902 1914 1080 2013 parallelae
1104 1917 1191 2006 AR,
1217 1916 1290 2002 CS,
1317 1913 1477 2013 itemque
1505 1916 1577 2003 RS,
1606 1912 1690 1994 Ac,
1721 1912 1790 1987 erit

451 2028 522 2103 Rc
538 2028 910 2127 parallelogrammum
926 2027 1107 2127 segmento
1127 2028 1332 2129 parabolice
1350 2029 1449 2104 ABC
1466 2025 1787 2125 circumscriptum.

451 2144 524 2217 Sed
537 2143 909 2241 parallelogrammum
933 2144 1001 2218 RC
1024 2144 1181 2245 duplum'
1196 2144 1246 2221 est
1268 2143 1437 2242 trianguli
1457 2144 1556 2219 ΑΒΕ
1580 2148 1657 2240 (41.
1680 2142 1732 2231 ι.)
1749 2157 1788 2213 et

448 2256 601 2355 proinde
616 2258 753 2356 aequale
768 2257 945 2355 triangulo
958 2258 1073 2334 AEC.
1107 2257 1206 2358 Ergo
1218 2281 1284 2358 per
1300 2260 1382 2334 Cor.
1403 2280 1436 2334 1.
1452 2256 1676 2359 segmentum
1687 2253 1787 2331 ΑΒΕ

448 2368 499 2445 ad
513 2371 895 2474 parallelogrammum
911 2370 979 2450 Rc
998 2372 1095 2452 irase
1111 2372 1227 2476 habet
1237 2391 1280 2451 ut
1296 2394 1321 2451 a
1336 2371 1382 2449 ad
1396 2392 1433 2471 3.

1043 4655 1133 4743 Ka
1378 4646 1793 4747 ssscrlouunt‘
