<?xml version="1.0" encoding="UTF-8"?>
<!DOCTYPE html PUBLIC "-//W3C//DTD XHTML 1.0 Transitional//EN"
    "http://www.w3.org/TR/xhtml1/DTD/xhtml1-transitional.dtd">
<html xmlns="http://www.w3.org/1999/xhtml" xml:lang="en" lang="en">
 <head>
  <title>
</title>
<meta http-equiv="Content-Type" content="text/html;charset=utf-8" />
  <meta name='ocr-system' content='tesseract 3.04.00' />
  <meta name='ocr-capabilities' content='ocr_page ocr_carea ocr_par ocr_line ocrx_word'/>
</head>
<body>
  <div class='ocr_page' id='page_1' title='image "./sectionumconica00robegoog_0209.png"; bbox 0 0 5184 6600; ppageno 0'>
   <div class='ocr_carea' id='block_1_1' title="bbox 842 908 2023 1086">
    <p class='ocr_par' dir='ltr' id='par_1_1' title="bbox 842 908 2023 1086">
     <span class='ocr_line' id='line_1_1' title="bbox 842 908 2023 1086; baseline -0.013 -35"><span class='ocrx_word' id='word_1_1' title='bbox 842 969 967 1086; x_wconf 77' lang='lat'>144</span> <span class='ocrx_word' id='word_1_2' title='bbox 1070 908 1360 1045; x_wconf 63' lang='lat' dir='ltr'>Sesi‘rbnam</span> <span class='ocrx_word' id='word_1_3' title='bbox 1389 923 1697 1041; x_wconf 79' lang='lat' dir='ltr'>Conimram</span> <span class='ocrx_word' id='word_1_4' title='bbox 1740 922 1822 1039; x_wconf 94' lang='lat' dir='ltr'>L1</span> <span class='ocrx_word' id='word_1_5' title='bbox 1838 957 1886 1036; x_wconf 85' lang='grc' dir='ltr'>Β.</span> <span class='ocrx_word' id='word_1_6' title='bbox 1917 926 2023 1038; x_wconf 89' lang='lat' dir='ltr'>lV.</span> 
     </span>
    </p>
   </div>
   <div class='ocr_carea' id='block_1_2' title="bbox 738 1139 2188 1810">
    <p class='ocr_par' dir='ltr' id='par_1_2' title="bbox 738 1139 2188 1810">
     <span class='ocr_line' id='line_1_2' title="bbox 738 1139 2185 1247; baseline -0.006 -25"><span class='ocrx_word' id='word_1_7' title='bbox 738 1215 742 1222; x_wconf 88' lang='lat'><em>.</em></span> <span class='ocrx_word' id='word_1_8' title='bbox 838 1146 901 1247; x_wconf 72' lang='lat' dir='ltr'>*get</span> <span class='ocrx_word' id='word_1_9' title='bbox 926 1144 1160 1244; x_wconf 87' lang='lat' dir='ltr'>hyperbolam</span> <span class='ocrx_word' id='word_1_10' title='bbox 1176 1145 1288 1235; x_wconf 67' lang='lat' dir='ltr'>Eur,</span> <span class='ocrx_word' id='word_1_11' title='bbox 1315 1164 1351 1218; x_wconf 89' lang='lat' dir='ltr'>et</span> <span class='ocrx_word' id='word_1_12' title='bbox 1375 1143 1543 1243; x_wconf 88' lang='lat' dir='ltr'>parallela</span> <span class='ocrx_word' id='word_1_13' title='bbox 1567 1141 1636 1215; x_wconf 89' lang='lat' dir='ltr'>erit</span> <span class='ocrx_word' id='word_1_14' title='bbox 1666 1139 1729 1236; x_wconf 87' lang='lat' dir='ltr'>ipsr</span> <span class='ocrx_word' id='word_1_15' title='bbox 1753 1139 1832 1226; x_wconf 84' lang='lat' dir='ltr'>EF,</span> <span class='ocrx_word' id='word_1_16' title='bbox 1866 1164 1930 1237; x_wconf 89' lang='lat' dir='ltr'>per</span> <span class='ocrx_word' id='word_1_17' title='bbox 1955 1139 2115 1218; x_wconf 79' lang='lat' dir='ltr'>Lemma</span> <span class='ocrx_word' id='word_1_18' title='bbox 2142 1161 2185 1213; x_wconf 79' lang='lat' dir='ltr'>a.</span> 
     </span>
     <span class='ocr_line' id='line_1_3' title="bbox 841 1250 2185 1354; baseline -0.008 -18"><span class='ocrx_word' id='word_1_19' title='bbox 841 1263 925 1337; x_wconf 90' lang='lat' dir='ltr'>Lib.</span> <span class='ocrx_word' id='word_1_20' title='bbox 951 1260 1014 1333; x_wconf 66' lang='grc' dir='ltr'>ι’.</span> <span class='ocrx_word' id='word_1_21' title='bbox 1054 1257 1153 1354; x_wconf 85' lang='lat' dir='ltr'>Ergo</span> <span class='ocrx_word' id='word_1_22' title='bbox 1170 1261 1276 1332; x_wconf 65' lang='grc' dir='ltr'>κᾶε</span> <span class='ocrx_word' id='word_1_23' title='bbox 1293 1259 1377 1344; x_wconf 89' lang='lat' dir='ltr'>LV,</span> <span class='ocrx_word' id='word_1_24' title='bbox 1395 1258 1432 1329; x_wconf 86' lang='lat' dir='ltr'>lv</span> <span class='ocrx_word' id='word_1_25' title='bbox 1448 1276 1552 1329; x_wconf 87' lang='lat' dir='ltr'>erunt</span> <span class='ocrx_word' id='word_1_26' title='bbox 1568 1253 1729 1327; x_wconf 83' lang='lat' dir='ltr'>diametri</span> <span class='ocrx_word' id='word_1_27' title='bbox 1742 1250 1953 1351; x_wconf 76' lang='lat' dir='ltr'>conjugatae,</span> <span class='ocrx_word' id='word_1_28' title='bbox 1971 1277 2035 1350; x_wconf 89' lang='lat' dir='ltr'>per</span> <span class='ocrx_word' id='word_1_29' title='bbox 2052 1253 2138 1325; x_wconf 90' lang='lat' dir='ltr'>Cor.</span> <span class='ocrx_word' id='word_1_30' title='bbox 2151 1274 2185 1325; x_wconf 86' lang='lat'>1.</span> 
     </span>
     <span class='ocr_line' id='line_1_4' title="bbox 805 1365 1662 1470; baseline -0.008 -21"><span class='ocrx_word' id='word_1_31' title='bbox 805 1365 809 1373; x_wconf 57' lang='grc'><em>’</em></span> <span class='ocrx_word' id='word_1_32' title='bbox 841 1376 950 1470; x_wconf 90' lang='lat' dir='ltr'>Prop.</span> <span class='ocrx_word' id='word_1_33' title='bbox 970 1374 1004 1445; x_wconf 90' lang='lat'>6.</span> <span class='ocrx_word' id='word_1_34' title='bbox 1032 1390 1067 1442; x_wconf 88' lang='lat' dir='ltr'>et</span> <span class='ocrx_word' id='word_1_35' title='bbox 1082 1372 1165 1445; x_wconf 88' lang='lat' dir='ltr'>Cor.</span> <span class='ocrx_word' id='word_1_36' title='bbox 1189 1396 1219 1445; x_wconf 90' lang='lat' dir='ltr'>r.</span> <span class='ocrx_word' id='word_1_37' title='bbox 1238 1373 1348 1467; x_wconf 87' lang='lat' dir='ltr'>Prop.</span> <span class='ocrx_word' id='word_1_38' title='bbox 1374 1396 1427 1460; x_wconf 85' lang='lat'>¹4·</span> <span class='ocrx_word' id='word_1_39' title='bbox 1447 1390 1482 1443; x_wconf 91' lang='lat' dir='ltr'>et</span> <span class='ocrx_word' id='word_1_40' title='bbox 1498 1368 1582 1443; x_wconf 89' lang='lat' dir='ltr'>Des.</span> <span class='ocrx_word' id='word_1_41' title='bbox 1606 1392 1662 1443; x_wconf 90' lang='grc' dir='ltr'>ιο.</span> 
     </span>
     <span class='ocr_line' id='line_1_5' title="bbox 892 1479 2187 1573; baseline -0.005 -15"><span class='ocrx_word' id='word_1_42' title='bbox 892 1490 976 1559; x_wconf 90' lang='lat' dir='ltr'>Cor.</span> <span class='ocrx_word' id='word_1_43' title='bbox 1003 1485 1150 1558; x_wconf 85' lang='lat' dir='ltr'>Caeteria</span> <span class='ocrx_word' id='word_1_44' title='bbox 1185 1486 1421 1573; x_wconf 88' lang='lat' dir='ltr'>manentibus,</span> <span class='ocrx_word' id='word_1_45' title='bbox 1452 1486 1476 1559; x_wconf 88' lang='lat' dir='ltr'>sr</span> <span class='ocrx_word' id='word_1_46' title='bbox 1503 1485 1608 1557; x_wconf 90' lang='lat' dir='ltr'>detur</span> <span class='ocrx_word' id='word_1_47' title='bbox 1636 1484 1730 1557; x_wconf 71' lang='lat' dir='ltr'>resta</span> <span class='ocrx_word' id='word_1_48' title='bbox 1759 1484 1832 1556; x_wconf 92' lang='lat' dir='ltr'>LY</span> <span class='ocrx_word' id='word_1_49' title='bbox 1868 1480 2032 1556; x_wconf 85' lang='lat' dir='ltr'>bifariam</span> <span class='ocrx_word' id='word_1_50' title='bbox 2063 1479 2187 1552; x_wconf 89' lang='lat' dir='ltr'>secans</span> 
     </span>
     <span class='ocr_line' id='line_1_6' title="bbox 750 1591 2188 1697; baseline -0.008 -22"><span class='ocrx_word' id='word_1_51' title='bbox 750 1610 752 1614; x_wconf 69' lang='lat'><strong><em>‘</em></strong></span> <span class='ocrx_word' id='word_1_52' title='bbox 834 1600 974 1674; x_wconf 71' lang='lat' dir='ltr'>retiam</span> <span class='ocrx_word' id='word_1_53' title='bbox 993 1598 1068 1684; x_wconf 86' lang='lat' dir='ltr'>EF,</span> <span class='ocrx_word' id='word_1_54' title='bbox 1087 1597 1281 1694; x_wconf 88' lang='lat' dir='ltr'>hyperbola</span> <span class='ocrx_word' id='word_1_55' title='bbox 1294 1597 1445 1672; x_wconf 84' lang='lat' dir='ltr'>describi</span> <span class='ocrx_word' id='word_1_56' title='bbox 1463 1598 1589 1697; x_wconf 89' lang='lat' dir='ltr'>potest,</span> <span class='ocrx_word' id='word_1_57' title='bbox 1605 1596 1705 1696; x_wconf 87' lang='lat' dir='ltr'>cujus</span> <span class='ocrx_word' id='word_1_58' title='bbox 1719 1596 1786 1671; x_wconf 88' lang='lat' dir='ltr'>erit</span> <span class='ocrx_word' id='word_1_59' title='bbox 1801 1599 1869 1671; x_wconf 93' lang='lat' dir='ltr'>LV</span> <span class='ocrx_word' id='word_1_60' title='bbox 1887 1597 2058 1670; x_wconf 85' lang='lat' dir='ltr'>diameter</span> <span class='ocrx_word' id='word_1_61' title='bbox 2075 1591 2188 1666; x_wconf 89' lang='lat' dir='ltr'>trans-</span> 
     </span>
     <span class='ocr_line' id='line_1_7' title="bbox 839 1709 2113 1810; baseline 0.01 -31"><span class='ocrx_word' id='word_1_62' title='bbox 839 1711 940 1785; x_wconf 70' lang='lat' dir='ltr'>uersa</span> <span class='ocrx_word' id='word_1_63' title='bbox 957 1730 993 1784; x_wconf 91' lang='lat' dir='ltr'>et</span> <span class='ocrx_word' id='word_1_64' title='bbox 1009 1709 1041 1783; x_wconf 92' lang='lat' dir='ltr'>ei</span> <span class='ocrx_word' id='word_1_65' title='bbox 1057 1712 1167 1810; x_wconf 88' lang='lat' dir='ltr'>dupla</span> <span class='ocrx_word' id='word_1_66' title='bbox 1183 1715 1344 1789; x_wconf 91' lang='lat' dir='ltr'>ordinata</span> <span class='ocrx_word' id='word_1_67' title='bbox 1364 1714 1439 1789; x_wconf 85' lang='lat' dir='ltr'>EF.</span> <span class='ocrx_word' id='word_1_68' title='bbox 2111 1761 2113 1766; x_wconf 83' lang='lat'><em>.</em></span> 
     </span>
    </p>
   </div>
   <div class='ocr_carea' id='block_1_3' title="bbox 1023 2062 1996 2151">
    <p class='ocr_par' dir='ltr' id='par_1_3' title="bbox 1023 2062 1996 2151">
     <span class='ocr_line' id='line_1_8' title="bbox 1023 2062 1996 2151; baseline 0 -4"><span class='ocrx_word' id='word_1_69' title='bbox 1023 2066 1274 2147; x_wconf 87' lang='lat' dir='ltr'><strong>PROP.</strong></span> <span class='ocrx_word' id='word_1_70' title='bbox 1339 2067 1513 2149; x_wconf 85' lang='lat' dir='ltr'><strong>XXXV.</strong></span> <span class='ocrx_word' id='word_1_71' title='bbox 1612 2068 1858 2151; x_wconf 86' lang='lat' dir='ltr'><strong>PROB.</strong></span> <span class='ocrx_word' id='word_1_72' title='bbox 1920 2062 1996 2147; x_wconf 89' lang='lat' dir='ltr'>lV.</span> 
     </span>
    </p>
   </div>
   <div class='ocr_carea' id='block_1_4' title="bbox 841 2283 2194 2643">
    <p class='ocr_par' dir='ltr' id='par_1_4' title="bbox 841 2283 2194 2643">
     <span class='ocr_line' id='line_1_9' title="bbox 841 2283 2193 2399; baseline -0.004 -31"><span class='ocrx_word' id='word_1_73' title='bbox 841 2288 962 2369; x_wconf 85' lang='lat' dir='ltr'>Datis</span> <span class='ocrx_word' id='word_1_74' title='bbox 983 2290 1170 2397; x_wconf 73' lang='lat' dir='ltr'>positione</span> <span class='ocrx_word' id='word_1_75' title='bbox 1190 2308 1229 2368; x_wconf 90' lang='lat' dir='ltr'>et</span> <span class='ocrx_word' id='word_1_76' title='bbox 1250 2292 1523 2399; x_wconf 85' lang='lat' dir='ltr'>magnitudine</span> <span class='ocrx_word' id='word_1_77' title='bbox 1551 2292 1703 2371; x_wconf 85' lang='lat' dir='ltr'>duabus</span> <span class='ocrx_word' id='word_1_78' title='bbox 1724 2290 1837 2369; x_wconf 78' lang='grc' dir='ltr'>κᾶίε</span> <span class='ocrx_word' id='word_1_79' title='bbox 1859 2286 1896 2366; x_wconf 89' lang='lat' dir='ltr'>se</span> <span class='ocrx_word' id='word_1_80' title='bbox 1924 2285 2101 2365; x_wconf 87' lang='lat' dir='ltr'>invicem</span> <span class='ocrx_word' id='word_1_81' title='bbox 2121 2283 2193 2363; x_wconf 89' lang='lat' dir='ltr'>bi·</span> 
     </span>
     <span class='ocr_line' id='line_1_10' title="bbox 902 2407 2194 2519; baseline -0.005 -29"><span class='ocrx_word' id='word_1_82' title='bbox 902 2410 1285 2491; x_wconf 60' lang='lat' dir='ltr'>‹fariamrecantibus</span> <span class='ocrx_word' id='word_1_83' title='bbox 1300 2450 1312 2504; x_wconf 70' lang='grc' dir='ltr'><strong><em>ς</em></strong></span> <span class='ocrx_word' id='word_1_84' title='bbox 1344 2413 1559 2493; x_wconf 87' lang='lat' dir='ltr'>describere</span> <span class='ocrx_word' id='word_1_85' title='bbox 1585 2415 1625 2492; x_wconf 89' lang='lat' dir='ltr'>iu</span> <span class='ocrx_word' id='word_1_86' title='bbox 1651 2414 1769 2519; x_wconf 91' lang='lat' dir='ltr'>plano</span> <span class='ocrx_word' id='word_1_87' title='bbox 1796 2407 2029 2517; x_wconf 86' lang='lat' dir='ltr'>hyperbolas</span> <span class='ocrx_word' id='word_1_88' title='bbox 2055 2434 2194 2515; x_wconf 90' lang='lat' dir='ltr'>oppo-</span> 
     </span>
     <span class='ocr_line' id='line_1_11' title="bbox 910 2534 2045 2643; baseline -0.004 -31"><span class='ocrx_word' id='word_1_89' title='bbox 910 2534 1010 2627; x_wconf 85' lang='lat' dir='ltr'>sitas,</span> <span class='ocrx_word' id='word_1_90' title='bbox 1032 2560 1200 2643; x_wconf 89' lang='lat' dir='ltr'>quarum</span> <span class='ocrx_word' id='word_1_91' title='bbox 1220 2536 1317 2616; x_wconf 84' lang='lat' dir='ltr'>datae</span> <span class='ocrx_word' id='word_1_92' title='bbox 1339 2538 1449 2615; x_wconf 68' lang='lat' dir='ltr'>resia</span> <span class='ocrx_word' id='word_1_93' title='bbox 1470 2555 1588 2616; x_wconf 90' lang='lat' dir='ltr'>erunt</span> <span class='ocrx_word' id='word_1_94' title='bbox 1607 2535 1787 2615; x_wconf 89' lang='lat' dir='ltr'>diametri</span> <span class='ocrx_word' id='word_1_95' title='bbox 1806 2535 2045 2641; x_wconf 72' lang='lat' dir='ltr'>conjugat-e.</span> 
     </span>
    </p>
   </div>
   <div class='ocr_carea' id='block_1_5' title="bbox 559 2783 2291 4711">
    <p class='ocr_par' dir='ltr' id='par_1_5' title="bbox 661 2783 2201 2887">
     <span class='ocr_line' id='line_1_12' title="bbox 661 2783 2201 2887; baseline -0.013 -13"><span class='ocrx_word' id='word_1_96' title='bbox 661 2816 746 2875; x_wconf 66' lang='lat' dir='ltr'>trra.</span> <span class='ocrx_word' id='word_1_97' title='bbox 773 2829 822 2887; x_wconf 81' lang='lat'>31·</span> <span class='ocrx_word' id='word_1_98' title='bbox 841 2819 851 2839; x_wconf 73' lang='grc'>·’</span> <span class='ocrx_word' id='word_1_99' title='bbox 922 2791 1028 2863; x_wconf 88' lang='lat' dir='ltr'>lNT</span> <span class='ocrx_word' id='word_1_100' title='bbox 1059 2790 1152 2864; x_wconf 84' lang='lat' dir='ltr'>datae</span> <span class='ocrx_word' id='word_1_101' title='bbox 1178 2789 1282 2864; x_wconf 67' lang='lat' dir='ltr'>reeta</span> <span class='ocrx_word' id='word_1_102' title='bbox 1308 2789 1387 2875; x_wconf 88' lang='lat' dir='ltr'>AB,</span> <span class='ocrx_word' id='word_1_103' title='bbox 1420 2789 1503 2876; x_wconf 86' lang='lat' dir='ltr'>DE,</span> <span class='ocrx_word' id='word_1_104' title='bbox 1535 2787 1568 2861; x_wconf 88' lang='lat' dir='ltr'>se</span> <span class='ocrx_word' id='word_1_105' title='bbox 1596 2789 1750 2862; x_wconf 89' lang='lat' dir='ltr'>invicem</span> <span class='ocrx_word' id='word_1_106' title='bbox 1780 2785 1942 2860; x_wconf 85' lang='lat' dir='ltr'>bifariam</span> <span class='ocrx_word' id='word_1_107' title='bbox 1968 2783 2127 2856; x_wconf 84' lang='lat' dir='ltr'>secantes</span> <span class='ocrx_word' id='word_1_108' title='bbox 2155 2783 2201 2855; x_wconf 87' lang='lat' dir='ltr'>in</span> 
     </span>
    </p>

    <p class='ocr_par' dir='ltr' id='par_1_6' title="bbox 772 2896 2200 3115">
     <span class='ocr_line' id='line_1_13' title="bbox 772 2896 2200 3003; baseline -0.007 -25"><span class='ocrx_word' id='word_1_109' title='bbox 772 2910 820 2967; x_wconf 85' lang='lat'>32·</span> <span class='ocrx_word' id='word_1_110' title='bbox 936 2906 1076 3000; x_wconf 73' lang='lat' dir='ltr'>pundo</span> <span class='ocrx_word' id='word_1_111' title='bbox 1093 2906 1124 2977; x_wconf 93' lang='lat' dir='ltr'>C</span> <span class='ocrx_word' id='word_1_112' title='bbox 1136 2938 1147 2988; x_wconf 79' lang='lat'>3</span> <span class='ocrx_word' id='word_1_113' title='bbox 1173 2922 1316 3003; x_wconf 88' lang='lat' dir='ltr'>oportet</span> <span class='ocrx_word' id='word_1_114' title='bbox 1342 2901 1379 2973; x_wconf 92' lang='lat' dir='ltr'>in</span> <span class='ocrx_word' id='word_1_115' title='bbox 1408 2903 1515 2999; x_wconf 92' lang='lat' dir='ltr'>plano</span> <span class='ocrx_word' id='word_1_116' title='bbox 1532 2899 1727 2976; x_wconf 88' lang='lat' dir='ltr'>describere</span> <span class='ocrx_word' id='word_1_117' title='bbox 1758 2898 1969 2999; x_wconf 87' lang='lat' dir='ltr'>hyperbolas</span> <span class='ocrx_word' id='word_1_118' title='bbox 1994 2896 2200 2996; x_wconf 84' lang='lat' dir='ltr'>oppositas,</span> 
     </span>
     <span class='ocr_line' id='line_1_14' title="bbox 847 3016 1840 3115; baseline 0.002 -27"><span class='ocrx_word' id='word_1_119' title='bbox 847 3040 1000 3115; x_wconf 91' lang='lat' dir='ltr'>quarum</span> <span class='ocrx_word' id='word_1_120' title='bbox 1017 3020 1121 3092; x_wconf 64' lang='grc' dir='ltr'>κᾶε</span> <span class='ocrx_word' id='word_1_121' title='bbox 1142 3021 1219 3107; x_wconf 88' lang='grc' dir='ltr'>ΑΒ,</span> <span class='ocrx_word' id='word_1_122' title='bbox 1238 3018 1306 3091; x_wconf 80' lang='lat' dir='ltr'>DE</span> <span class='ocrx_word' id='word_1_123' title='bbox 1324 3038 1426 3089; x_wconf 88' lang='lat' dir='ltr'>erunt</span> <span class='ocrx_word' id='word_1_124' title='bbox 1445 3017 1606 3091; x_wconf 88' lang='lat' dir='ltr'>diametri</span> <span class='ocrx_word' id='word_1_125' title='bbox 1627 3016 1840 3115; x_wconf 83' lang='lat' dir='ltr'>conjugatae.</span> 
     </span>
    </p>

    <p class='ocr_par' dir='ltr' id='par_1_7' title="bbox 662 3125 2205 3227">
     <span class='ocr_line' id='line_1_15' title="bbox 662 3125 2205 3227; baseline 0.001 -27"><span class='ocrx_word' id='word_1_126' title='bbox 662 3143 747 3201; x_wconf 61' lang='lat' dir='ltr'>fro.</span> <span class='ocrx_word' id='word_1_127' title='bbox 772 3161 820 3220; x_wconf 84' lang='lat'>31·</span> <span class='ocrx_word' id='word_1_128' title='bbox 901 3133 1036 3221; x_wconf 87' lang='lat' dir='ltr'>Primo,</span> <span class='ocrx_word' id='word_1_129' title='bbox 1055 3133 1170 3205; x_wconf 88' lang='lat' dir='ltr'>secent</span> <span class='ocrx_word' id='word_1_130' title='bbox 1186 3134 1264 3218; x_wconf 87' lang='lat' dir='ltr'>AB,</span> <span class='ocrx_word' id='word_1_131' title='bbox 1282 3132 1353 3204; x_wconf 89' lang='lat' dir='ltr'>DE</span> <span class='ocrx_word' id='word_1_132' title='bbox 1369 3129 1402 3202; x_wconf 93' lang='lat' dir='ltr'>se</span> <span class='ocrx_word' id='word_1_133' title='bbox 1419 3130 1576 3203; x_wconf 86' lang='lat' dir='ltr'>invicem</span> <span class='ocrx_word' id='word_1_134' title='bbox 1592 3132 1765 3205; x_wconf 69' lang='lat' dir='ltr'>adrestos</span> <span class='ocrx_word' id='word_1_135' title='bbox 1783 3130 1943 3227; x_wconf 88' lang='lat' dir='ltr'>angulos,</span> <span class='ocrx_word' id='word_1_136' title='bbox 1960 3147 1997 3202; x_wconf 91' lang='lat' dir='ltr'>et</span> <span class='ocrx_word' id='word_1_137' title='bbox 2013 3125 2205 3223; x_wconf 87' lang='lat' dir='ltr'>jungatur</span> 
     </span>
    </p>

    <p class='ocr_par' dir='ltr' id='par_1_8' title="bbox 559 3242 2205 3344">
     <span class='ocr_line' id='line_1_16' title="bbox 559 3242 2205 3344; baseline -0.005 -22"><span class='ocrx_word' id='word_1_138' title='bbox 559 3245 561 3249; x_wconf 66' lang='grc'><strong>’</strong></span> <span class='ocrx_word' id='word_1_139' title='bbox 850 3248 935 3335; x_wconf 86' lang='grc' dir='ltr'>ΑΕ,</span> <span class='ocrx_word' id='word_1_140' title='bbox 953 3266 988 3320; x_wconf 87' lang='lat' dir='ltr'>et</span> <span class='ocrx_word' id='word_1_141' title='bbox 1003 3247 1209 3343; x_wconf 76' lang='lat' dir='ltr'>apunuoc</span> <span class='ocrx_word' id='word_1_142' title='bbox 1225 3245 1260 3319; x_wconf 89' lang='lat' dir='ltr'>in</span> <span class='ocrx_word' id='word_1_143' title='bbox 1273 3247 1339 3319; x_wconf 89' lang='lat' dir='ltr'>AB</span> <span class='ocrx_word' id='word_1_144' title='bbox 1354 3245 1528 3344; x_wconf 71' lang='lat' dir='ltr'>produeld</span> <span class='ocrx_word' id='word_1_145' title='bbox 1539 3244 1722 3319; x_wconf 89' lang='lat' dir='ltr'>sumantur</span> <span class='ocrx_word' id='word_1_146' title='bbox 1737 3246 1903 3341; x_wconf 90' lang='lat' dir='ltr'>utrinque</span> <span class='ocrx_word' id='word_1_147' title='bbox 1916 3242 2098 3340; x_wconf 85' lang='lat' dir='ltr'>segmenta</span> <span class='ocrx_word' id='word_1_148' title='bbox 2113 3244 2205 3330; x_wconf 89' lang='lat' dir='ltr'>CF,</span> 
     </span>
    </p>

    <p class='ocr_par' dir='ltr' id='par_1_9' title="bbox 846 3358 2208 3458">
     <span class='ocr_line' id='line_1_17' title="bbox 846 3358 2208 3458; baseline -0.004 -23"><span class='ocrx_word' id='word_1_149' title='bbox 846 3363 934 3448; x_wconf 90' lang='lat' dir='ltr'>&#39;CO,</span> <span class='ocrx_word' id='word_1_150' title='bbox 949 3358 1100 3458; x_wconf 82' lang='lat' dir='ltr'>aequalia</span> <span class='ocrx_word' id='word_1_151' title='bbox 1117 3358 1180 3454; x_wconf 80' lang='lat' dir='ltr'>ipsa</span> <span class='ocrx_word' id='word_1_152' title='bbox 1193 3361 1275 3432; x_wconf 87' lang='lat' dir='ltr'>AE.</span> <span class='ocrx_word' id='word_1_153' title='bbox 1320 3359 1380 3431; x_wconf 91' lang='lat' dir='ltr'>Ad</span> <span class='ocrx_word' id='word_1_154' title='bbox 1390 3363 1564 3456; x_wconf 70' lang='lat' dir='ltr'>puntStum</span> <span class='ocrx_word' id='word_1_155' title='bbox 1577 3364 1612 3432; x_wconf 93' lang='grc' dir='ltr'>Ο</span> <span class='ocrx_word' id='word_1_156' title='bbox 1624 3361 1727 3431; x_wconf 88' lang='lat' dir='ltr'>affixa</span> <span class='ocrx_word' id='word_1_157' title='bbox 1742 3359 1781 3432; x_wconf 90' lang='lat' dir='ltr'>srt</span> <span class='ocrx_word' id='word_1_158' title='bbox 1792 3360 1925 3456; x_wconf 82' lang='lat' dir='ltr'>regula:</span> <span class='ocrx_word' id='word_1_159' title='bbox 1935 3359 2006 3431; x_wconf 91' lang='lat' dir='ltr'>OG</span> <span class='ocrx_word' id='word_1_160' title='bbox 2019 3358 2208 3430; x_wconf 86' lang='lat' dir='ltr'>extremi-</span> 
     </span>
    </p>

    <p class='ocr_par' dir='ltr' id='par_1_10' title="bbox 850 3471 2207 3575">
     <span class='ocr_line' id='line_1_18' title="bbox 850 3471 2207 3575; baseline -0.003 -28"><span class='ocrx_word' id='word_1_161' title='bbox 850 3494 905 3546; x_wconf 87' lang='lat' dir='ltr'>tas</span> <span class='ocrx_word' id='word_1_162' title='bbox 922 3476 970 3561; x_wconf 89' lang='grc' dir='ltr'>Ο,</span> <span class='ocrx_word' id='word_1_163' title='bbox 989 3493 1030 3546; x_wconf 92' lang='lat' dir='ltr'>ut</span> <span class='ocrx_word' id='word_1_164' title='bbox 1052 3471 1146 3575; x_wconf 86' lang='lat' dir='ltr'>circa</span> <span class='ocrx_word' id='word_1_165' title='bbox 1169 3472 1343 3569; x_wconf 70' lang='lat' dir='ltr'>pundlum</span> <span class='ocrx_word' id='word_1_166' title='bbox 1369 3472 1450 3560; x_wconf 89' lang='lat' dir='ltr'>hoc,</span> <span class='ocrx_word' id='word_1_167' title='bbox 1476 3492 1648 3570; x_wconf 89' lang='lat' dir='ltr'>tanquam</span> <span class='ocrx_word' id='word_1_168' title='bbox 1675 3491 1840 3546; x_wconf 91' lang='lat' dir='ltr'>centrum</span> <span class='ocrx_word' id='word_1_169' title='bbox 1863 3473 1972 3546; x_wconf 73' lang='lat' dir='ltr'>libere</span> <span class='ocrx_word' id='word_1_170' title='bbox 1993 3473 2207 3570; x_wconf 86' lang='lat' dir='ltr'>circumagi</span> 
     </span>
    </p>

    <p class='ocr_par' dir='ltr' id='par_1_11' title="bbox 819 3584 2291 3686">
     <span class='ocr_line' id='line_1_19' title="bbox 819 3584 2291 3686; baseline 0.001 -26"><span class='ocrx_word' id='word_1_171' title='bbox 819 3626 820 3641; x_wconf 66' lang='lat'><em>2</em></span> <span class='ocrx_word' id='word_1_172' title='bbox 844 3591 967 3686; x_wconf 87' lang='lat' dir='ltr'>pollit.</span> <span class='ocrx_word' id='word_1_173' title='bbox 1010 3585 1125 3659; x_wconf 89' lang='lat' dir='ltr'>Alteri</span> <span class='ocrx_word' id='word_1_174' title='bbox 1146 3585 1365 3659; x_wconf 87' lang='lat' dir='ltr'>extremitati</span> <span class='ocrx_word' id='word_1_175' title='bbox 1385 3587 1420 3657; x_wconf 93' lang='lat' dir='ltr'><strong>G</strong></span> <span class='ocrx_word' id='word_1_176' title='bbox 1438 3587 1643 3659; x_wconf 68' lang='lat' dir='ltr'>annedtatur</span> <span class='ocrx_word' id='word_1_177' title='bbox 1658 3588 1859 3659; x_wconf 86' lang='lat' dir='ltr'>extremitas</span> <span class='ocrx_word' id='word_1_178' title='bbox 1883 3587 1933 3659; x_wconf 88' lang='lat' dir='ltr'>fili</span> <span class='ocrx_word' id='word_1_179' title='bbox 1954 3584 2053 3684; x_wconf 89' lang='lat' dir='ltr'>cujus</span> <span class='ocrx_word' id='word_1_180' title='bbox 2069 3587 2209 3685; x_wconf 85' lang='lat' dir='ltr'>longi·</span> <span class='ocrx_word' id='word_1_181' title='bbox 2284 3650 2291 3662; x_wconf 83' lang='grc'><em>,</em></span> 
     </span>
    </p>

    <p class='ocr_par' dir='ltr' id='par_1_12' title="bbox 845 3698 2212 3798">
     <span class='ocr_line' id='line_1_20' title="bbox 845 3698 2212 3798; baseline 0.003 -24"><span class='ocrx_word' id='word_1_182' title='bbox 845 3702 1019 3775; x_wconf 81' lang='lat' dir='ltr'>tudinem</span> <span class='ocrx_word' id='word_1_183' title='bbox 1036 3700 1158 3797; x_wconf 87' lang='lat' dir='ltr'>regula</span> <span class='ocrx_word' id='word_1_184' title='bbox 1173 3700 1246 3781; x_wconf 86' lang='lat' dir='ltr'>QG</span> <span class='ocrx_word' id='word_1_185' title='bbox 1263 3698 1404 3771; x_wconf 87' lang='lat' dir='ltr'>excedit</span> <span class='ocrx_word' id='word_1_186' title='bbox 1427 3699 1624 3795; x_wconf 89' lang='lat' dir='ltr'>quantitate</span> <span class='ocrx_word' id='word_1_187' title='bbox 1647 3699 1775 3798; x_wconf 86' lang='lat' dir='ltr'>aequali</span> <span class='ocrx_word' id='word_1_188' title='bbox 1795 3702 1899 3773; x_wconf 66' lang='grc' dir='ltr'>κᾶε</span> <span class='ocrx_word' id='word_1_189' title='bbox 1916 3702 2003 3784; x_wconf 85' lang='lat' dir='ltr'>AB;</span> <span class='ocrx_word' id='word_1_190' title='bbox 2030 3701 2212 3778; x_wconf 84' lang='lat' dir='ltr'>etaltera</span> 
     </span>
    </p>

    <p class='ocr_par' dir='ltr' id='par_1_13' title="bbox 847 3812 2214 3912">
     <span class='ocr_line' id='line_1_21' title="bbox 847 3812 2214 3912; baseline 0.001 -24"><span class='ocrx_word' id='word_1_191' title='bbox 847 3815 1057 3888; x_wconf 84' lang='lat' dir='ltr'>extremitas</span> <span class='ocrx_word' id='word_1_192' title='bbox 1082 3814 1134 3886; x_wconf 84' lang='lat' dir='ltr'>lili</span> <span class='ocrx_word' id='word_1_193' title='bbox 1157 3814 1200 3886; x_wconf 90' lang='lat' dir='ltr'>ad</span> <span class='ocrx_word' id='word_1_194' title='bbox 1221 3814 1395 3912; x_wconf 60' lang='lat' dir='ltr'>punctum</span> <span class='ocrx_word' id='word_1_195' title='bbox 1419 3813 1449 3884; x_wconf 90' lang='lat' dir='ltr'>F</span> <span class='ocrx_word' id='word_1_196' title='bbox 1471 3812 1646 3911; x_wconf 88' lang='lat' dir='ltr'>affigatur.</span> <span class='ocrx_word' id='word_1_197' title='bbox 1690 3815 1772 3908; x_wconf 90' lang='lat' dir='ltr'>Ope</span> <span class='ocrx_word' id='word_1_198' title='bbox 1794 3813 1919 3910; x_wconf 89' lang='lat' dir='ltr'>paxilli</span> <span class='ocrx_word' id='word_1_199' title='bbox 1944 3814 1974 3885; x_wconf 95' lang='lat' dir='ltr'>P</span> <span class='ocrx_word' id='word_1_200' title='bbox 1998 3813 2214 3890; x_wconf 90' lang='lat' dir='ltr'>adducatur</span> 
     </span>
    </p>

    <p class='ocr_par' dir='ltr' id='par_1_14' title="bbox 846 3914 2212 4023">
     <span class='ocr_line' id='line_1_22' title="bbox 846 3914 2212 4023; baseline 0 -23"><span class='ocrx_word' id='word_1_201' title='bbox 846 3929 957 4001; x_wconf 62' lang='lat' dir='ltr'>*filum</span> <span class='ocrx_word' id='word_1_202' title='bbox 976 3929 1019 4000; x_wconf 91' lang='lat' dir='ltr'>ad</span> <span class='ocrx_word' id='word_1_203' title='bbox 1037 3929 1128 4000; x_wconf 90' lang='lat' dir='ltr'>latus</span> <span class='ocrx_word' id='word_1_204' title='bbox 1147 3926 1280 4023; x_wconf 88' lang='lat' dir='ltr'>regulae</span> <span class='ocrx_word' id='word_1_205' title='bbox 1297 3927 1368 3999; x_wconf 93' lang='lat' dir='ltr'>OG</span> <span class='ocrx_word' id='word_1_206' title='bbox 1383 3945 1419 3999; x_wconf 92' lang='lat' dir='ltr'>et</span> <span class='ocrx_word' id='word_1_207' title='bbox 1427 3922 1533 4022; x_wconf 89' lang='lat' dir='ltr'>juxta</span> <span class='ocrx_word' id='word_1_208' title='bbox 1546 3914 1666 4023; x_wconf 71' lang='lat' dir='ltr'>vipsum</span> <span class='ocrx_word' id='word_1_209' title='bbox 1680 3926 1858 4015; x_wconf 88' lang='lat' dir='ltr'>tendatur,</span> <span class='ocrx_word' id='word_1_210' title='bbox 1871 3948 1908 3999; x_wconf 91' lang='lat' dir='ltr'>et</span> <span class='ocrx_word' id='word_1_211' title='bbox 1923 3926 2050 4000; x_wconf 89' lang='lat' dir='ltr'>deinde</span> <span class='ocrx_word' id='word_1_212' title='bbox 2067 3949 2212 4001; x_wconf 89' lang='lat' dir='ltr'>move·</span> 
     </span>
    </p>

    <p class='ocr_par' dir='ltr' id='par_1_15' title="bbox 764 4038 2211 4139">
     <span class='ocr_line' id='line_1_23' title="bbox 764 4038 2211 4139; baseline 0.002 -25"><span class='ocrx_word' id='word_1_213' title='bbox 764 4134 766 4136; x_wconf 6' lang='lat' dir='ltr'>v</span> <span class='ocrx_word' id='word_1_214' title='bbox 848 4063 933 4114; x_wconf 85' lang='lat' dir='ltr'>atur</span> <span class='ocrx_word' id='word_1_215' title='bbox 956 4042 1079 4139; x_wconf 82' lang='lat' dir='ltr'>regula</span> <span class='ocrx_word' id='word_1_216' title='bbox 1104 4042 1197 4114; x_wconf 88' lang='lat' dir='ltr'>circa</span> <span class='ocrx_word' id='word_1_217' title='bbox 1222 4041 1395 4138; x_wconf 71' lang='lat' dir='ltr'>punctum</span> <span class='ocrx_word' id='word_1_218' title='bbox 1417 4041 1466 4125; x_wconf 89' lang='lat'>0,</span> <span class='ocrx_word' id='word_1_219' title='bbox 1485 4059 1523 4122; x_wconf 87' lang='lat' dir='ltr'>et</span> <span class='ocrx_word' id='word_1_220' title='bbox 1554 4039 1687 4113; x_wconf 89' lang='lat' dir='ltr'>interea</span> <span class='ocrx_word' id='word_1_221' title='bbox 1709 4039 1813 4112; x_wconf 87' lang='lat' dir='ltr'>filum</span> <span class='ocrx_word' id='word_1_222' title='bbox 1840 4040 1976 4137; x_wconf 84' lang='lat' dir='ltr'>paxillo</span> <span class='ocrx_word' id='word_1_223' title='bbox 2003 4038 2211 4117; x_wconf 89' lang='lat' dir='ltr'>distentum</span> 
     </span>
    </p>

    <p class='ocr_par' dir='ltr' id='par_1_16' title="bbox 847 4151 2213 4253">
     <span class='ocr_line' id='line_1_24' title="bbox 847 4151 2213 4253; baseline 0.004 -28"><span class='ocrx_word' id='word_1_224' title='bbox 847 4152 994 4250; x_wconf 65' lang='lat' dir='ltr'>&#39;semper</span> <span class='ocrx_word' id='word_1_225' title='bbox 1010 4153 1140 4250; x_wconf 82' lang='lat' dir='ltr'>regulae</span> <span class='ocrx_word' id='word_1_226' title='bbox 1155 4153 1246 4225; x_wconf 92' lang='lat' dir='ltr'>latus</span> <span class='ocrx_word' id='word_1_227' title='bbox 1261 4171 1429 4227; x_wconf 90' lang='lat' dir='ltr'>teneatur.</span> <span class='ocrx_word' id='word_1_228' title='bbox 1455 4152 1584 4239; x_wconf 90' lang='lat' dir='ltr'>Linea,</span> <span class='ocrx_word' id='word_1_229' title='bbox 1601 4153 1735 4250; x_wconf 87' lang='lat' dir='ltr'>paxillo</span> <span class='ocrx_word' id='word_1_230' title='bbox 1752 4155 1783 4225; x_wconf 91' lang='lat' dir='ltr'>P</span> <span class='ocrx_word' id='word_1_231' title='bbox 1800 4153 1985 4253; x_wconf 79' lang='lat' dir='ltr'>descripta,</span> <span class='ocrx_word' id='word_1_232' title='bbox 2004 4151 2072 4225; x_wconf 90' lang='lat' dir='ltr'>erit</span> <span class='ocrx_word' id='word_1_233' title='bbox 2084 4176 2213 4231; x_wconf 83' lang='lat' dir='ltr'>curva</span> 
     </span>
    </p>

    <p class='ocr_par' dir='ltr' id='par_1_17' title="bbox 846 4263 1608 4364">
     <span class='ocr_line' id='line_1_25' title="bbox 846 4263 1608 4364; baseline 0.003 -26"><span class='ocrx_word' id='word_1_234' title='bbox 846 4266 1072 4364; x_wconf 74' lang='lat' dir='ltr'>hyperbolae,</span> <span class='ocrx_word' id='word_1_235' title='bbox 1090 4263 1189 4363; x_wconf 89' lang='lat' dir='ltr'>cujus</span> <span class='ocrx_word' id='word_1_236' title='bbox 1208 4267 1286 4353; x_wconf 89' lang='lat' dir='ltr'>AB,</span> <span class='ocrx_word' id='word_1_237' title='bbox 1307 4266 1378 4339; x_wconf 87' lang='lat' dir='ltr'>DE</span> <span class='ocrx_word' id='word_1_238' title='bbox 1394 4290 1476 4339; x_wconf 86' lang='lat' dir='ltr'>axes</span> <span class='ocrx_word' id='word_1_239' title='bbox 1493 4287 1608 4341; x_wconf 90' lang='lat' dir='ltr'>erunt.</span> 
     </span>
    </p>

    <p class='ocr_par' dir='ltr' id='par_1_18' title="bbox 893 4381 2202 4483">
     <span class='ocr_line' id='line_1_26' title="bbox 893 4381 2202 4483; baseline 0.006 -30"><span class='ocrx_word' id='word_1_240' title='bbox 893 4382 1107 4479; x_wconf 86' lang='lat' dir='ltr'>Hyperbola</span> <span class='ocrx_word' id='word_1_241' title='bbox 1118 4382 1226 4469; x_wconf 88' lang='lat' dir='ltr'>enim,</span> <span class='ocrx_word' id='word_1_242' title='bbox 1239 4406 1303 4480; x_wconf 90' lang='lat' dir='ltr'>per</span> <span class='ocrx_word' id='word_1_243' title='bbox 1314 4382 1589 4481; x_wconf 78' lang='lat' dir='ltr'>praecedentem,</span> <span class='ocrx_word' id='word_1_244' title='bbox 1602 4382 1750 4457; x_wconf 89' lang='lat' dir='ltr'>describi</span> <span class='ocrx_word' id='word_1_245' title='bbox 1766 4383 1893 4483; x_wconf 90' lang='lat' dir='ltr'>potest,</span> <span class='ocrx_word' id='word_1_246' title='bbox 1911 4381 2012 4481; x_wconf 89' lang='lat' dir='ltr'>cujus</span> <span class='ocrx_word' id='word_1_247' title='bbox 2025 4384 2107 4470; x_wconf 88' lang='lat' dir='ltr'>AB,</span> <span class='ocrx_word' id='word_1_248' title='bbox 2121 4386 2202 4462; x_wconf 82' lang='lat' dir='ltr'>DE</span> 
     </span>
    </p>

    <p class='ocr_par' dir='ltr' id='par_1_19' title="bbox 856 4492 2211 4595">
     <span class='ocr_line' id='line_1_27' title="bbox 856 4492 2211 4595; baseline 0.004 -29"><span class='ocrx_word' id='word_1_249' title='bbox 856 4514 960 4566; x_wconf 89' lang='lat' dir='ltr'>erunt</span> <span class='ocrx_word' id='word_1_250' title='bbox 976 4492 1175 4592; x_wconf 74' lang='lat' dir='ltr'>conjugatae</span> <span class='ocrx_word' id='word_1_251' title='bbox 1193 4495 1371 4582; x_wconf 88' lang='lat' dir='ltr'>diametri,</span> <span class='ocrx_word' id='word_1_252' title='bbox 1388 4495 1425 4567; x_wconf 94' lang='lat' dir='ltr'>id</span> <span class='ocrx_word' id='word_1_253' title='bbox 1441 4496 1490 4569; x_wconf 88' lang='lat' dir='ltr'>est</span> <span class='ocrx_word' id='word_1_254' title='bbox 1501 4520 1594 4584; x_wconf 88' lang='lat' dir='ltr'>axes,</span> <span class='ocrx_word' id='word_1_255' title='bbox 1619 4515 1763 4595; x_wconf 89' lang='lat' dir='ltr'>propter</span> <span class='ocrx_word' id='word_1_256' title='bbox 1786 4497 1896 4571; x_wconf 74' lang='lat' dir='ltr'>rectos</span> <span class='ocrx_word' id='word_1_257' title='bbox 1914 4497 2062 4594; x_wconf 84' lang='lat' dir='ltr'>angulos</span> <span class='ocrx_word' id='word_1_258' title='bbox 2078 4495 2211 4589; x_wconf 89' lang='lat' dir='ltr'><strong>DCB,</strong></span> 
     </span>
    </p>

    <p class='ocr_par' dir='ltr' id='par_1_20' title="bbox 851 4610 2213 4711">
     <span class='ocr_line' id='line_1_28' title="bbox 851 4610 2213 4711; baseline 0.004 -28"><span class='ocrx_word' id='word_1_259' title='bbox 851 4611 967 4687; x_wconf 65' lang='lat' dir='ltr'><strong>*ECB.</strong></span> <span class='ocrx_word' id='word_1_260' title='bbox 1008 4612 1056 4684; x_wconf 89' lang='lat' dir='ltr'>Et</span> <span class='ocrx_word' id='word_1_261' title='bbox 1068 4610 1169 4710; x_wconf 87' lang='lat' dir='ltr'>hujus</span> <span class='ocrx_word' id='word_1_262' title='bbox 1184 4612 1390 4710; x_wconf 83' lang='lat' dir='ltr'>hyperbolae</span> <span class='ocrx_word' id='word_1_263' title='bbox 1406 4631 1508 4686; x_wconf 91' lang='lat' dir='ltr'>erunt</span> <span class='ocrx_word' id='word_1_264' title='bbox 1520 4613 1551 4686; x_wconf 90' lang='lat' dir='ltr'>F</span> <span class='ocrx_word' id='word_1_265' title='bbox 1552 4668 1564 4703; x_wconf 89' lang='lat'>‚</span> <span class='ocrx_word' id='word_1_266' title='bbox 1575 4615 1610 4686; x_wconf 95' lang='lat' dir='ltr'>O</span> <span class='ocrx_word' id='word_1_267' title='bbox 1624 4610 1695 4687; x_wconf 92' lang='lat' dir='ltr'>soci</span> <span class='ocrx_word' id='word_1_268' title='bbox 1707 4637 1771 4711; x_wconf 89' lang='lat' dir='ltr'>per</span> <span class='ocrx_word' id='word_1_269' title='bbox 1783 4614 1889 4709; x_wconf 90' lang='lat' dir='ltr'>Prop.</span> <span class='ocrx_word' id='word_1_270' title='bbox 1902 4634 1960 4708; x_wconf 87' lang='lat'>29.</span> <span class='ocrx_word' id='word_1_271' title='bbox 1977 4631 2013 4684; x_wconf 88' lang='lat' dir='ltr'>et</span> <span class='ocrx_word' id='word_1_272' title='bbox 2024 4612 2213 4709; x_wconf 88' lang='lat' dir='ltr'>quoniam</span> 
     </span>
    </p>
   </div>
   <div class='ocr_carea' id='block_1_6' title="bbox 1402 4917 2214 5096">
    <p class='ocr_par' dir='ltr' id='par_1_21' title="bbox 1402 4917 2214 5096">
     <span class='ocr_line' id='line_1_29' title="bbox 1402 4917 1648 5002; baseline -0.008 -23"><span class='ocrx_word' id='word_1_273' title='bbox 1402 4925 1419 4958; x_wconf 80' lang='lat'><strong>·</strong></span> <span class='ocrx_word' id='word_1_274' title='bbox 1443 4917 1519 4980; x_wconf 85' lang='lat' dir='ltr'>Vide</span> <span class='ocrx_word' id='word_1_275' title='bbox 1531 4939 1601 5002; x_wconf 80' lang='lat' dir='ltr'>pag.</span> <span class='ocrx_word' id='word_1_276' title='bbox 1619 4920 1648 4978; x_wconf 82' lang='lat'>⁸..</span> 
     </span>
     <span class='ocr_line' id='line_1_30' title="bbox 2039 5017 2214 5096; baseline 0.034 -6"><span class='ocrx_word' id='word_1_277' title='bbox 2039 5017 2214 5096; x_wconf 82' lang='lat' dir='ltr'>excessus</span> 
     </span>
    </p>
   </div>
   <div class='ocr_carea' id='block_1_7' title="bbox 0 0 2622 6596">
    <p class='ocr_par' dir='ltr' id='par_1_22' title="bbox 0 0 2622 6596">
     <span class='ocr_line' id='line_1_31' title="bbox 0 0 2622 6596; baseline 0 0"><span class='ocrx_word' id='word_1_278' title='bbox 0 0 2622 6596; x_wconf 95' lang='lat' dir='ltr'> </span> 
     </span>
    </p>
   </div>
  </div>
 </body>
</html>
