5184 6600
943 977 1374 1127 [bamma

968 1342 1186 1428 PROP.
1245 1347 1299 1432 V.

469 1564 512 1647 st
531 1562 617 1646 dua
636 1565 749 1644 recta
770 1563 994 1674 parabolam
1013 1566 1291 1677 contingentes*
1305 1565 1376 1648 sibi
1396 1565 1569 1646 invicem
1587 1588 1811 1667 occurrant,

526 1692 629 1769 recta
648 1714 716 1797 per
730 1688 935 1771 occursum
951 1690 1067 1770 ducta
1080 1709 1120 1772 et
1136 1690 1317 1773 bifariam
1333 1692 1460 1773 secans
1474 1694 1620 1771 restam
1633 1691 1811 1805 jungen-

526 1832 609 1893 tem
630 1817 848 1905 contadtus‚
879 1815 953 1894 erit
981 1814 1182 1896 diameter.

559 1997 883 2071 ONTINGANT
897 1999 979 2072 duae
988 2000 1094 2073 redae
1108 2001 1195 2087 AD,
1209 2001 1276 2071 DB
1288 1998 1496 2096 parabolam
1506 1994 1603 2068 ΑΒΕ
1622 1994 1656 2068 in
1669 1998 1812 2095 punctis
1840 2015 1915 2076 Fra.
1932 2035 1961 2095 ς.

583 2112 633 2194 Α,
651 2112 692 2197 Β,
710 2128 745 2182 et
761 2109 824 2184 fibi
842 2110 997 2185 invicem
1014 2133 1200 2187 occurrant
1214 2112 1249 2184 in
1265 2112 1400 2208 pundo
1416 2113 1453 2183 D
1467 2144 1477 2194 ς
1496 2110 1591 2182 reeta
1606 2112 1686 2200 DF,
1704 2112 1814 2187 ducta

470 2250 536 2323 per
552 2224 738 2299 occursum
753 2247 790 2299 et
803 2224 966 2299 bifariam
980 2226 1098 2300 secans
1116 2227 1152 2300 in
1169 2226 1303 2325 pundo
1321 2225 1351 2298 F
1367 2225 1500 2297 redtam
1516 2226 1583 2298 AB
1594 2222 1812 2324 jungentem

470 2340 657 2412 contastus
674 2342 725 2426 A,
743 2341 785 2426 B,
813 2339 880 2412 erit
895 2341 1077 2414 diameter.
1736 2408 1740 2414 .

522 2457 621 2527 Nam
638 2454 733 2527 reda
754 2454 820 2527 DF
840 2453 1001 2527 bifariam
1030 2453 1159 2527 secabit
1183 2466 1332 2529 om'nem
1356 2454 1488 2527 tedam
1506 2453 1614 2528 curvi
1634 2456 1813 2555 parabolae

472 2569 695 2643 terminatam
711 2589 750 2641 et
767 2570 972 2667 parallelam
990 2572 1091 2644 redtae
1106 2572 1186 2656 AB,
1211 2595 1275 2667 per
1291 2571 1374 2643 Cor.
1393 2595 1430 2659 4.
1449 2570 1557 2666 Prop.
1572 2591 1634 2663 30.
1659 2571 1745 2644 Lib.
1768 2594 1783 2644 1
1800 2605 1812 2657 ς

470 2702 511 2757 et
526 2683 676 2781 proinde
692 2708 756 2780 per
772 2684 856 2757 Cor.
874 2685 980 2782 Prop.
1005 2706 1038 2756 a.
1065 2686 1160 2758 recta
1176 2686 1242 2757 DF
1260 2684 1333 2756 erit
1343 2683 1523 2757 diameter.
1567 2685 1617 2784 Q
1635 2686 1680 2759 E.
1699 2687 1748 2760 D.

524 2799 608 2871 Cor.
638 2800 665 2871 Ι.
693 2798 730 2869 Si
747 2797 956 2870 duaarectae
970 2800 1060 2885 AD,
1086 2799 1152 2870 BD
1171 2800 1382 2897 contingant
1398 2799 1603 2896 parabolam
1620 2799 1657 2882 in
1673 2790 1814 2899 pundtis

477 2912 526 3001 A,
542 2914 584 2999 B,
610 2931 646 2984 et
662 2911 725 2984 srbi
744 2912 896 2986 invicem
914 2933 1102 2988 occurrant
1126 2914 1161 2987 in
1178 2918 1314 3012 puncto
1331 2916 1391 3001 D;
1417 2914 1594 2987 diameter
1609 2938 1673 3012 per
1690 2939 1814 2990 earum

475 3026 661 3098 occursum
683 3028 720 3097 D
743 3025 862 3113 ducta,
900 3025 1064 3101 bifariam
1087 3028 1217 3101 secabit
1233 3028 1364 3100 retiam
1391 3029 1470 3101 AB.
1521 3026 1698 3100 Diametri
1715 3027 1814 3101 eninr

476 3140 653 3237 parabolae
671 3139 749 3212 sunt
767 3141 860 3213 inter
877 3141 912 3215 se
929 3142 1119 3239 parallelae,
1145 3139 1330 3214 etidcirco
1347 3163 1391 3211 ex
1408 3138 1474 3211 hac
1492 3139 1603 3234 Prop.
1629 3137 1815 3214 manifesto
1966 3221 1976 3234 ,

473 3254 609 3329 constat
623 3254 872 3330 Corollarium.

527 3372 610 3445 Cor.
626 3373 675 3446 11.
702 3371 829 3444 Iisdem
843 3371 1084 3460 manentibus,
1097 3369 1268 3444 diameter
1281 3365 1446 3443 bifariam
1459 3367 1577 3443 secans
1591 3368 1723 3444 rectam
1736 3370 1816 3459 AB,

475 3483 637 3558 transibit
652 3507 717 3583 per
732 3485 906 3582 punitum
923 3485 971 3557 D.

947 3703 1376 3825 proava

478 3949 563 4031 Sia
579 3953 728 4060 punito
754 3948 935 4031 incurva
964 3949 1155 4059 parabolae
1175 3951 1372 4033 ducantur
1401 3952 1449 4031 ad
1474 3951 1712 4032 diametrum
1733 3946 1818 4029 duae
1841 3949 1842 3952 ‘

536 4077 851 4181 restamquarum
872 4073 990 4152 altera
1016 4075 1116 4155 srt'ei
1135 4076 1348 4155 ordinatim
1375 4076 1570 4185 applicata
1593 4075 1711 4154 altera
1729 4102 1820 4154 vero

534 4198 759 4309 parabolam
779 4197 1004 4306 contingat;
1028 4198 1274 4306 segmentum
1290 4200 1489 4293 diametri,
1510 4199 1611 4278 inter
1631 4196 1820 4276 verticem

535 4341 576 4401 et
601 4321 904 4428 contingentem
937 4322 1085 4430 aequale
1116 4323 1189 4401 erit
1219 4320 1384 4404 abscittae
1422 4324 1531 4404 inter¹
1558 4320 1747 4402 verticem
1780 4340 1821 4398 et

537 4443 774 4524 ordinatam.

565 4656 1024 4757 ‘UCANTURapundo
1041 4660 1091 4746 A,
1113 4658 1150 4732 in
1167 4656 1470 4758 curvriparabolae
1488 4657 1603 4745 ΑΒΕ,
1629 4657 1673 4730 ad
1684 4656 1824 4730 diame-
1852 4689 1927 4748 pm,
1945 4703 1974 4766 ς,

601 4791 697 4845 trum
720 4771 826 4845 EBH
854 4774 942 4848 duae
966 4774 1071 4848 redtae
1097 4773 1189 4863 ΑΗ,
1216 4774 1301 4861 AE,
1328 4798 1481 4872 quarum
1509 4775 1588 4849 AH
1606 4773 1769 4847 ordinata
1784 4773 1825 4845 sit

484 4883 661 4960 diametro
678 4888 796 4977 EBH,
832 4888 928 4962 reda
946 4913 1031 4961 vero
1047 4888 1118 4962 ΑΕ
1134 4891 1320 4989 contingat
1343 4891 1563 4989 parabolam,
1590 4908 1625 4961 et
1643 4890 1682 4961 srt
1699 4891 1727 4962 B
1744 4911 1825 4960 ver·

485 5016 545 5073 tex
562 5001 729 5077 diametri
737 5037 750 5092 t
777 5003 859 5079 dico
875 5003 1103 5103 segmentum
1116 4992 1178 5079 ΕΒ
1191 5005 1329 5105 aequale
1346 5007 1414 5082 effe
1432 5003 1589 5081 absciffae
1598 5004 1682 5079 BH.
1726 5117 1767 5191 N

1144 5121 1179 5195 G
1381 5120 1392 5153 ³
1768 5139 1828 5192 am
1845 5184 1847 5187 .
