5184 6600
792 962 906 1077 108
1008 954 1297 1075 senionem
1321 871 1630 1081 coaeterum
1661 959 1818 1079 Ltn.
1855 964 1965 1082 IV.

835 1182 919 1255 Cor.
938 1181 987 1254 11.
1015 1181 1052 1255 si
1070 1181 1164 1255 refta
1179 1178 1270 1255 secet
1286 1204 1433 1254 curvam
1451 1180 1653 1281 hyperbolae
1668 1180 1704 1255 in
1720 1181 1860 1257 duobus
1876 1182 2032 1283 punitis,
2051 1208 2127 1261 non

784 1317 945 1371 occurret
961 1298 1165 1397 hyperbolae
1177 1297 1362 1396 oppositae,
1379 1322 1443 1395 per
1455 1298 1564 1395 Prop.
1585 1322 1618 1395 9.
1635 1297 1721 1373 Lib.'
1745 1325 1775 1373 t.

835 1413 884 1486 ΙΙ.
911 1411 1066 1485 Planum
1083 1413 1205 1484 ΛΜΝ
1222 1411 1352 1483 dicitur
1372 1412 1512 1487 Planum
1529 1412 1689 1486 Verticaia
1705 1412 1992 1511 hyperbolarum
2112 1455 2118 1460 ·

832 1525 903 1599 111.
942 1525 1120 1599 Funerum
1148 1524 1237 1598 inter
1260 1525 1472 1622 hyperbolas
1497 1527 1687 1627 oppositas,
1711 1529 1748 1599 in
1775 1553 1850 1628 quo
1878 1527 1995 1602 omnia
2017 1529 2129 1619 reeta,

783 1665 847 1742 per
865 1639 979 1738 ipsum
998 1640 1163 1712 transiens
1180 1659 1216 1712 et
1232 1639 1350 1713 curvis
1368 1638 1562 1715 seftionum
1579 1640 1777 1731 terminata,
1796 1637 1958 1715 bifariam
1977 1641 2128 1732 secatur,

784 1753 914 1827 dicitur
932 1758 1085 1829 Centrum
1103 1754 1306 1852 hyperbolae
1323 1754 1382 1827 vel
1400 1754 1676 1856 hyperbolarum
1692 1755 1946 1855 appolitarum.

833 1869 897 1942 IV.
925 1868 1072 1968 Qaevis
1094 1868 1190 1940 tebta
1211 1892 1273 1966 per
1296 1887 1457 1941 centrum
1480 1855 1712 1956 transientht
1731 1868 1898 1971 utrinque
1920 1871 2037 1946 curvis
2056 1871 2125 1968 hy-

782 1984 1009 2081 perbolarum
1027 1984 1224 2068 terminata,
1244 1984 1448 2056 nominatur
1465 1980 1663 2080 Traaffversa
1679 1988 1858 2059 Diameter.

833 2102 876 2171 V.
905 2102 1015 2180 Rana
1041 2124 1104 2197 per
1128 2119 1292 2172 centrum
1322 2095 1489 2170 transiens
1515 2117 1553 2178 et
1575 2095 1739 2170 bifariam
1769 2096 1887 2171 fecans
1904 2099 2038 2171 reftam
2060 2123 2123 2196 per

700 2218 703 2221 ”
782 2235 947 2287 centrum
967 2240 1038 2287 non
1056 2214 1292 2287 transeuntem
1303 2233 1345 2286 et
1366 2211 1486 2284 curvis
1508 2212 1784 2308 hyperbolarum
1799 2213 2037 2310 oppositarum
2055 2232 2122 2286 ter·

782 2329 968 2415 minatam,
995 2332 1165 2402 Diameter
1181 2328 1324 2401 Secunda
1342 2325 1558 2399 nominatur.

833 2443 866 2509 V
873 2442 897 2513 1.
924 2444 1074 2535 Qiaevis
1092 2441 1197 2526 retia,
1210 2465 1272 2537 per
1288 2459 1452 2516 centrum
1465 2465 1533 2513 non
1548 2438 1725 2527 transrem,
1742 2439 1906 2538 utrinque
1924 2439 2033 2513 curvi
2047 2439 2123 2513 sec-

782 2553 886 2626 tionis
908 2554 966 2627 vel
990 2553 1154 2652 utrinque
1179 2554 1294 2628 curvis
1317 2553 1511 2626 sectionum
1537 2554 1726 2627 terminata>
1743 2574 1779 2628 et
1804 2539 1964 2628 bifariam
1990 2555 2079 2627 setta
2102 2580 2128 2629 a
2164 2582 2169 2589 ·

781 2668 967 2753 diametro,
990 2667 1072 2740 huic
1091 2669 1265 2742 diametro
1290 2667 1423 2741 dicitur
1440 2671 1555 2766 Dupla
1580 2670 1761 2756 Ordinato,
1780 2691 1817 2743 et
1836 2670 2030 2743 dimidium
2047 2668 2122 2768 ejus

782 2782 985 2883 simpliciter
1003 2782 1179 2855 ordinata.
2189 2871 2191 2874 v

832 2897 915 3001 Vil.
942 2896 1076 2968 Puncta
1102 2896 1136 2967 in
1163 2897 1293 2993 quibus
1315 2895 1488 2971 diameter
1508 2898 1627 2970 curvis
1653 2898 1929 2996 hyperbolarum
1954 2898 2127 2988 occurrin
2172 2912 2175 2915 ’

780 3010 946 3082 dicuntur
963 3008 1038 3107 ejus
1057 3016 1210 3099 Vertices,
1234 3031 1269 3084 et
1286 3011 1471 3110 segmenta
1483 3010 1577 3087 inter
1593 3010 1744 3087 vertices
1761 3030 1796 3084 et
1813 3012 2030 3099 ordinatam,
2048 3012 2123 3085 Ab·

771 3127 822 3220 a·
844 3154 882 3199 ι.
941 3209 945 3219 «

832 3238 932 3311 VIII.
961 3238 1147 3311 Diameter
1168 3237 1374 3334 hyperbolae
1391 3238 1448 3313 seu
1471 3237 1746 3338 hyperbolarum
1763 3239 2019 3339 oppositarum,
2038 3262 2129 3338 quae

782 3354 825 3425 ad
843 3355 956 3426 raetos
972 3354 1124 3448 angulos
1140 3352 1218 3426 suaa
1233 3354 1411 3427 ordinatas
1428 3354 1533 3442 secat,
1551 3357 1633 3428 Axis
1646 3354 1850 3455 hyperbolae
1866 3352 1924 3427 seu
1942 3354 2124 3452 hyperbo-

764 3467 896 3562 iarum
915 3462 1057 3539 dicit'ur.
1912 3458 1919 3465 ”

833 3581 903 3653 ΙΧ.
930 3582 1025 3652 Duae
1047 3578 1223 3666 diametri,
1243 3605 1397 3679 quarum
1414 3599 1564 3678 utraque
1587 3579 1749 3655 bifariam
1766 3580 1857 3654 secat
1873 3602 1997 3654 omnes
2011 3580 2130 3655 rectas

783 3694 949 3796 utrinque
971 3692 1079 3767 curva
1102 3694 1319 3791 hyperbolae5
1342 3697 1402 3770 vel
1426 3699 1544 3769 curvis
1573 3694 1850 3794 hyperbolarum
1877 3694 2129 3792 oppofitarum

783 3810 1000 3897 terminatas,
1018 3828 1054 3884 et
1072 3807 1169 3893 alteri
1187 3810 1387 3905 parallelas,
1401 3810 1631 3888 'nominantur
1646 3811 2030 3908 Diametra'Coajugatae.
2081 3829 2088 3835 ’

1110 4100 1688 4243 Pnorosrrrn
1758 4119 1792 4199 r.

783 4343 1015 4454 H'yperbola
1041 4343 1091 4422 ad¹
1117 4341 1322 4428 inlinitum
1352 4335 1513 4461 extendi
1543 4345 1670 4456 potest
1684 4382 1698 4440 3
1720 4421 1722 4425 ,
1743 4363 1784 4453 et
1817 4344 1903 4425 duae
1932 4330 2125 4461 qnalibet

836 4486 950 4562 restae
968 4480 1225 4591 hyperbolam
1245 4461 1520 4595 contingentes
1541 4485 1613 4566 fibi
1630 4487 1802 4600 invicem
1821 4476 2049 4580 occurrenti¹
2121 4572 2122 4576 a

782 4715 871 4792 Pars
889 4715 916 4790 1.
958 4710 959 4713 '
1038 4714 1198 4787 ONU'S
1223 4715 1318 4790 enim
1344 4714 1394 4790 ad·
1416 4716 1596 4790 infinitum
1623 4715 1767 4792 extendi
1792 4716 1924 4817 potest‚·
1942 4707 2005 4814 per
2032 4717 2122 4792 Cor.

1058 4829 1166 4929 Prop.
1192 4852 1228 4924 3.
1254 4830 1409 4917 Lib.11;
1435 4849 1472 4906 et
1487 4857 1552 4932 per
1572 4825 1655 4907 Def.
1688 4856 1719 4905 a.
1745 4827 1901 4929 hujusce,
1924 4828 2122 4930 hyperbata
2244 4827 2247 4831 ’

781 4966 911 5038 tanum
929 4965 1000 5018 non
1018 4940 1140 5018 ambit.
1178 4943 1279 5045 Ergo
1296 4930 1491 5046 hyperbole
1507 4945 1554 5051 ad
1570 4941 1750 5024 infinitum
1762 4944 1904 5024 extendi
1921 4931 2050 5134 poltest.
2065 5056 2102 5130 u

1149 5078 1152 5083 '
1989 5081 2050 5132 ars.
2105 5107 2124 5134 0.
