5184 6600
793 1008 878 1134 94
1020 965 1311 1087 Stilionem
1329 965 1637 1094 Conicarum
1680 968 1817 1086 Lrss.
1850 969 1957 1088 111.

843 1193 926 1265 Cor.
943 1190 1173 1264 Manentibus
1183 1188 1261 1290 jam
1272 1188 1407 1288 positis,
1421 1189 1665 1286 restangulum
1682 1189 1782 1261 BED
1797 1190 1932 1287 aequale
1949 1187 2001 1262 est
2013 1191 2131 1287 quad-

793 1323 870 1379 rato
886 1329 929 1376 ex
942 1303 1204 1378 semidiametro
1222 1304 1284 1402 ipsa
1298 1304 1464 1401 paralleli
1518 1305 1616 1376 Nam
1630 1300 1667 1374 in
1685 1303 1715 1373 F
1717 1301 1766 1397 ig.
1785 1327 1840 1394 14.
1854 1322 2002 1401 propter
2014 1287 2133 1401 parai-
2227 1352 2230 1359 -

792 1417 1027 1515 lelogramma
1042 1418 1117 1503 BC,
1134 1417 1198 1504 Et,
1217 1417 1460 1513 redangulum
1477 1418 1575 1489 BED
1589 1417 1724 1514 aequale
1744 1416 1792 1490 est
1808 1418 2015 1515 redtangulo
2029 1417 2133 1504 Act,

792 1533 861 1605 hoc
879 1530 939 1617 est,
965 1530 1139 1628 quadrato
1158 1556 1210 1603 ex
1238 1534 1318 1606 Ac,
1362 1530 1508 1616 Rursus,
1534 1530 1569 1603 in
1593 1530 1672 1625 Fig.
1701 1550 1759 1624 ις.
1778 1524 1927 1602 ducator
1952 1530 2129 1601 diameter

791 1646 1097 1742 PQcontingenti
1121 1647 1186 1718 BD
1204 1647 1389 1744 parallela3
1408 1665 1446 1717 et
1463 1669 1527 1742 per
1545 1646 1628 1718 Cor.
1649 1668 1682 1717 t.
1694 1646 1802 1740 Prop.
1822 1664 1859 1735 7.
1871 1662 1911 1715 ut
1921 1645 1986 1716 AB
2005 1644 2051 1714 ad
2067 1645 2132 1716 BE

791 1762 840 1836 ita
857 1764 924 1833 CK
941 1762 986 1835 ad
999 1763 1061 1834 CP
1070 1793 1081 1843 3
1101 1781 1145 1833 «et
1160 1786 1222 1857 per
1238 1764 1324 1837 Cor.
1339 1787 1377 1836 a.
1396 1760 1504 1857 Prop.
1517 1780 1554 1851 7.
1571 1778 1612 1832 ut
1625 1760 1691 1831 AB
1709 1757 1754 1830 ad
1768 1758 1822 1829 ID
1841 1758 1891 1829 ita
1906 1759 1969 1830 BE
1987 1759 2031 1830 ad
2045 1758 2129 1830 ED.

791 1879 913 1975 Qare
930 1875 1176 1971 red'tanguium
1194 1875 1257 1950 sub
1277 1878 1355 1961 AB,
1371 1876 1423 1946 ID
1442 1873 1554 1945 srmile
1572 1871 1620 1945 est
1635 1869 1842 1967 restangulo
1856 1871 1970 1957 BED,
1985 1891 2020 1942 et
2036 1897 2130 1969 quo-

792 1991 888 2063 niam
916 1990 1038 2062 omnia
1061 1990 1233 2087 quadrata
1250 1988 1328 2061 sunt
1347 1988 1484 2074 fimilia,
1510 1988 1577 2061 erit
1605 1987 1854 2081 restangulom
1875 1983 1938 2057 sub
1967 1988 2046 2072 AB,
2075 1988 2130 2058 ID

722 2091 725 2102 ’
785 2105 837 2176 ad
855 2103 1099 2201 redanguium
1117 2103 1216 2175 BED
1234 2109 1313 2197 (αα.
1329 2104 1382 2190 6.)
1397 2122 1442 2173 att
1457 2101 1671 2199 quadratum
1690 2122 1734 2170 ex
1758 2099 1822 2170 KC
1848 2099 1894 2170 ad
1916 2100 2131 2195 quadratum

791 2237 834 2293 ex
847 2219 922 2291 PC.
966 2218 1038 2289 Sed
1048 2218 1302 2313 ¹redtangulum
1321 2215 1382 2289 sab
1401 2218 1480 2303 AB,
1503 2217 1558 2289 ID
1577 2215 1713 2310 aequale
1729 2211 1778 2284 est
1793 2214 1969 2309 quadrato
1986 2238 2030 2287 ex
2047 2217 2129 2304 KC,

785 2334 957 2431 perhanc
974 2332 1083 2431 Prop.
1098 2353 1138 2404 et
1150 2331 1301 2431 proinde
1318 2329 1561 2427 restangulum
1579 2328 1679 2403 BED
1699 2331 1778 2427 (¹4·
1801 2330 1852 2426 5.)
1867 2330 2003 2426 aequale
2015 2332 2131 2428 qnad-

776 2467 923 2523 ..rato-ex
938 2445 1011 2519 PC.
1652 2482 1655 2485 -

1224 2717 1326 2797 PR
1357 2718 1395 2796 Ο
1429 2717 1476 2799 P.
1547 2719 1681 2799 XVII.
1744 2721 1746 2726 ‘

597 2942 602 2953 ·
669 2906 673 2912 ’
786 2904 830 2986 Si
845 2904 1138 3011 retia-ellipfim
1151 2905 1393 3013 contingens
1417 2923 1598 2985 occurrat
1623 2904 1773 2985 duabus
1804 2907 2003 2988 diametris
2027 2934 2129 2988 con-

845 3030 993 3137 jugatis
1016 3028 1215 3138 produdtis
1230 3063 1242 3120 3
1274 3028 1546 3136 reftangolum
1566 3028 1638 3108 sub
1664 3031 1747 3138 ejus
1773 3030 1995 3138 segmentis,
2026 3033 2130 3110 inter

843 3157 1077 3233 eontadtum
1097 3173 1136 3229 et
1156 3153 1384 3245 diametros,
1406 3149 1553 3259 aequale
1571 3152 1647 3231 erit
1661 3153 1855 3261 quadrato
1875 3181 1923 3234 ex
1944 3154 2128 3235 semidia-

844 3295 978 3356 metro
989 3277 1063 3357 -cui
1083 3275 1322 3382 contingens
1343 3273 1425 3384 ipsa
1443 3274 1498 3354 est
1515 3275 1709 3383 paralleia.

415 3436 418 3443 ·
603 3454 748 3579 Sanan
878 3489 1164 3563 ONTINGAT
1181 3490 1276 3560 reda
1292 3487 1369 3560 ΒΜ
1383 3487 1533 3585 ellipsim
1550 3490 1637 3563 AEI
1655 3490 1691 3564 in
1706 3491 1840 3590 pundo
1857 3492 1903 3580 E,
1919 3513 1954 3565 et
1968 3513 2131 3570 occurrat

558 3594 563 3601 ’
902 3603 938 3676 in
956 3604 1011 3690 H,
1039 3604 1085 3673 M
1102 3600 1285 3675 diametris
1299 3598 1500 3700 conjugatis
1522 3603 1606 3689 KL,
1633 3604 1687 3677 Al
1709 3604 1911 3702 produdtis3
1939 3609 2129 3704 redangu-

782 3717 866 3791 dum
883 3717 1006 3791 HEM
1023 3716 1161 3815 aequale
1180 3715 1245 3788 erit
1270 3715 1444 3812 quadrato
1465 3740 1511 3790 ex
1536 3719 1612 3806 PC,
1627 3717 1886 3793 semidiametro
1905 3722 1964 3793 cui
1987 3723 2128 3796 contin·

781 3858 875 3932 gens
891 3836 968 3908 ΒΜ
985 3834 1034 3908 est
1048 3833 1225 3932 parallela.
1255 3878 1260 3892 =

832 3952 1011 4024 Maneant
1029 3950 1126 4023 enim
1142 3946 1264 4022 omnia
1284 3965 1326 4021 ut
1348 3948 1385 4023 in
1409 3949 1517 4046 Prop.
1540 3947 1607 4031 163
1634 3964 1672 4019 et
1689 3945 1878 4044 quoniam,
1896 3969 1960 4043 per
1984 3947 2068 4022 Cor.
2093 3972 2126 4021 1.

708 4117 711 4125 >
784 4061 893 4159 Ptop.
917 4085 975 4154 14.
994 4061 1240 4156 rectiangulum
1256 4061 1323 4133 AF
1329 4063 1342 4133 1
1361 4060 1500 4159 aequale
1520 4062 1570 4136 est
1595 4060 1800 4158 redangulo
1817 4061 1949 4147 CFM3
1976 4061 2043 4135 erit
2059 4064 2128 4136 AF

781 4178 864 4268 (16.
886 4175 938 4270 6.)
958 4178 1003 4251 ad
1027 4176 1057 4248 F
1061 4177 1105 4250 M
1127 4193 1168 4246 ut
1188 4174 1250 4246 CF
1275 4174 1321 4246 ad
1338 4174 1411 4260 F13
1438 4192 1476 4247 et
1503 4174 1649 4262 idcirco,
1675 4191 1824 4273 propter
1847 4175 2030 4272 parallelas
2046 4179 2128 4265 AB,

781 4289 874 4376 -cH,
892 4288 969 4375 FE,
987 4289 1055 4375 ID,
1069 4305 1110 4360 ut
1124 4284 1188 4358 BE
1205 4283 1250 4357 ad
1263 4283 1344 4357 EM
1361 4291 1438 4379 (ro.
1457 4285 1578 4381 6.)·ita
1592 4289 1668 4361 HE
1681 4287 1726 4360 ad
1745 4288 1825 4360 ED.
1868 4285 1968 4384 Ergo
1981 4288 2059 4382 (16.
2073 4291 2127 4380 6.)

783 4399 1031 4500 tetrangulum
1049 4401 1148 4473 BED
1163 4399 1302 4496 aequale
1316 4401 1366 4474 est
1382 4401 1588 4498 reetangnlo
1604 4402 1727 4475 HEM
1741 4436 1753 4486 3
1771 4420 1809 4475 et
1821 4400 1972 4498 proinde
1986 4402 2127 4476 rodian-

783 4516 914 4616 gulum
927 4516 1051 4590 HEM
1066 4512 1202 4611 aequalc
1216 4513 1391 4610 quadrato
1406 4537 1450 4585 ex
1467 4515 1542 4600 PC,
1558 4538 1622 4611 per
1635 4515 1719 4588 Cor.
1734 4514 1842 4611 Prop.
1862 4513 1918 4589 16.

834 4631 918 4704 Cor.
945 4629 1003 4702 Ex
1015 4622 1081 4703 hac
1095 4648 1131 4702 et
1143 4629 1228 4702 Cor.
1247 4651 1277 4701 1.
1293 4629 1399 4729 Prop.
1420 4634 1453 4703 8.
1468 4648 1583 4727 patet,
1598 4631 1623 4704 st
1637 4631 1731 4704 reeta
1746 4629 1899 4728 ellipsrm
1913 4631 2125 4729 contingens

783 4760 948 4818 occurrat
964 4742 1101 4816 duabus
1117 4741 1296 4816 diamettis
1313 4742 1507 4842 produdtis,
1524 4764 1559 4817 et
1574 4744 1600 4819 st
1613 4744 1860 4843 redtangulum
1873 4743 1941 4819 sub
1958 4743 2032 4845 ejus
2046 4746 2125 4844 seg-

780 4855 914 4932 mentis
933 4855 1025 4929 inter
1046 4856 1250 4929 contactum
1270 4871 1307 4928 et
1331 4855 1520 4930 diametros
1544 4861 1682 4958 aequale
1699 4860 1741 4933 stt
1758 4861 1930 4959 quadrato
1950 4887 1994 4935 ex
2018 4860 2125 4936 semi·

778 4969 961 5050 diametro
973 4972 1032 5050 cui
1047 4970 1121 5073 ipsa
1133 4969 1374 5072 estparallela,
1400 4970 1592 5052 diametros
1607 4975 1675 5052 eise
1689 4972 1907 5075 conjugatas.
1941 5073 2023 5150 PR
2036 5076 2113 5151 OP
