5184 6600
772 1023 774 1027 ’
877 1052 880 1056 ’
990 1017 1092 1136 De
1132 1010 1336 1181 Ellipst.
1408 1003 1411 1016 ’
1722 1046 1805 1176 97

464 1232 628 1312 bifariam
646 1230 765 1308 secans
783 1232 915 1307 restam
924 1229 1135 1332 jungentem
1152 1237 1222 1309 FN
1239 1236 1323 1308 esset
1340 1233 1426 1321 axis,
1439 1257 1502 1334 per
1515 1234 1599 1307 Cor.
1617 1235 1723 1335 Prop.
1745 1244 1801 1313 18.

465 1353 505 1427 Si
521 1375 606 1425 vero
623 1350 696 1424 CN
714 1347 830 1424 minor
846 1349 929 1423 esset
943 1348 1204 1446 semidiametro
1220 1351 1295 1436 CF,
1312 1349 1514 1448 peripheria
1531 1349 1657 1423 circuli
1679 1371 1802 1425 centro

398 1539 400 1544 .
464 1466 550 1541 Cet
566 1464 751 1540 intervallo
770 1464 843 1538 CN
862 1462 1039 1564 descripti,
1063 1484 1226 1539 occurret
1247 1465 1311 1537 CF
1337 1463 1438 1551 intra,
1464 1462 1522 1537 sed
1548 1463 1605 1537 axi
1633 1466 1686 1538 ID
1704 1484 1802 1540 extra

460 1579 630 1680 eilipfirrr,
667 1602 733 1676 per
757 1579 843 1653 Cot.
861 1600 909 1663 ας
935 1595 974 1651 et
998 1578 1146 1676 proinde
1174 1595 1338 1651 occurret
1367 1600 1487 1650 currae
1519 1576 1680 1674 ellipseos
1709 1578 1803 1656 inter

460 1697 594 1794 pu&
610 1696 652 1783 F,
677 1694 707 1781 1,
732 1711 822 1791 puta
850 1691 888 1766 in
908 1696 1044 1791 puncto
1069 1694 1115 1768 E.
1165 1683 1265 1765 Tum
1287 1690 1461 1765 diameter
1482 1715 1547 1789 per
1567 1693 1742 1789 punitum
1766 1694 1800 1768 E

462 1809 569 1883 duda
585 1808 672 1898 esset
685 1807 834 1906 requaiia
848 1805 1027 1882 diametro
1038 1808 1142 1895 MN,
1160 1827 1199 1880 et
1215 1806 1388 1881 diameter
1403 1802 1568 1880 bifariam
1584 1804 1702 1882 secans
1719 1832 1799 1883 rec·

461 1942 537 1997 tam
559 1919 772 2021 jungentem
796 1921 870 1996 EN
896 1922 980 1998 effet
1002 1923 1089 2011 axis,
1113 1944 1179 2021 per
1206 1921 1293 1997 Cor.
1317 1923 1426 2020 Prop.
1453 1925 1522 2010 183
1560 1935 1682 1998 cont‘ra
1706 1924 1798 2001 hanc

458 2036 756 2134 Propofirionem.

506 2151 594 2223 Cor.
614 2151 679 2225 IV.
705 2151 811 2224 Patet
834 2149 1005 2248 perhanc
1029 2169 1065 2224 et
1084 2150 1193 2247 Prop.
1221 2154 1276 2225 18.
1300 2151 1402 2250 quod
1428 2174 1510 2225 axes
1535 2150 1697 2250 eliipseos
1719 2149 1799 2235 sunt

353 2280 361 2294 ·
456 2265 626 2339 diarruti
640 2263 856 2364 conjugare,
871 2265 958 2340 etse
975 2265 1132 2342 invicem
1147 2266 1191 2339 rd
1206 2266 1320 2339 rectos
1337 2265 1487 2362 angulos
1503 2263 1642 2350 secant3
1661 2282 1698 2338 et
1715 2266 1798 2344 duae

455 2380 597 2479 qumvis
617 2379 699 2453 aliar
718 2380 880 2454 diametri
899 2379 1100 2483 conjugum
1120 2404 1194 2455 non
1217 2379 1360 2479 possunt
1384 2379 1419 2454 se
1440 2378 1596 2455 invicem
1618 2380 1665 2454 ad
1684 2367 1798 2455 reeens

456 2492 751 2593 mgusorseurt.
1004 2539 1006 2546 ‹

510 2610 721 2711 Majoraes
737 2608 891 2706 dsffl,
915 2608 1039 2684 dciaar
1053 2614 1127 2686 aris
1141 2610 1356 2709 tronum,
1375 2614 1480 2695 Μ
1494 2625 1574 2686 nm
1593 2612 1667 2685 axis
1690 2609 1797 2688 nau.-

455 2737 568 2823 μω.

634 3001 639 3008 ’
757 2987 1502 3079 DEFINITIONES.

457 3212 512 3289 X.
612 3212 631 3285 I
657 3210 694 3285 in
710 3235 775 3284 axe
792 3182 981 3285 transuerso
997 3211 1061 3285 AB
1072 3208 1230 3309 ellipseos
1244 3210 1369 3284 AIBD
1382 3206 1561 3284 sumantur
1577 3206 1649 3283 duo
1666 3199 1799 3309 puncta
1826 3220 1902 3283 Fre.
1922 3224 1969 3282 rt.

624 3328 668 3415 F,
686 3330 735 3414 0,
752 3325 802 3400 ita
823 3345 865 3401 ut
880 3326 1129 3422 reetanyrium
1152 3325 1222 3398 AF
1223 3327 1252 3398 B
1268 3326 1330 3399 vei
1347 3326 1451 3400 BOA
1469 3323 1510 3400 stt
1526 3324 1666 3423 equale
1682 3328 1798 3423 quad·

454 3459 535 3518 uto
550 3440 763 3517 extenuare
781 3436 975 3539 conjugato
991 3439 1062 3524 {Cr
1080 3439 1213 3537 puncta
1229 3439 1273 3528 F,
1291 3439 1328 3512 Ο
1343 3439 1513 3513 dicuntur
1524 3439 1601 3514 Fors
1612 3437 1798 3538 Eliipseos.

510 3557 596 3631 Cor.
622 3555 662 3649 Si
679 3580 743 3654 per
758 3552 882 3629 focum
899 3555 929 3627 F
947 3554 1004 3626 vel
1017 3554 1214 3628 Oducatur
1227 3555 1321 3627 recta
1336 3550 1429 3643 GH,
1442 3553 1551 3652 dupla
1564 3553 1724 3628 ordinata
1740 3557 1797 3629 axi

457 3668 648 3744 transverso
663 3673 746 3757 AB,
771 3671 837 3744 erit
858 3668 1006 3767 aequalis
1029 3687 1230 3766 parametro
1251 3670 1327 3744 axis
1352 3673 1432 3746 AB.
1474 3673 1576 3745 Ares
1602 3672 1698 3744 enim
1716 3672 1796 3759 AB,

456 3783 513 3858 ID
532 3782 613 3858 sunt·
625 3783 788 3858 diametri
811 3781 1016 3884 conjugatae
1034 3784 1103 3883 'per
1127 3784 1210 3859 Cor.
1227 3811 1266 3875 4.
1293 3787 1398 3882 Prop.
1421 3808 1489 3881 195
1517 3804 1553 3858 et
1569 3783 1718 3883 proinde
1733 3808 1797 3883 per

457 3896 546 3971 Cor.
563 3919 599 3992 3.
618 3899 725 3997 Prop.
746 3904 780 3972 8.
795 3917 830 3972 et
842 3901 926 3972 Cor.
943 3921 977 3993 3.
992 3890 1101 3994 Prop.
1117 3919 1150 3994 5.
1167 3898 1232 3972 erit
1248 3899 1461 3998 quadratum
1478 3924 1522 3971 ex
1533 3900 1603 3973 Ac
1622 3897 1667 3969 ad
1682 3898 1796 3995 quad·

456 4029 641 4105 norme:
657 4015 709 4088 {C
736 4034 779 4088 ut
795 4011 1042 4110 rectanffldom
1067 4013 1165 4088 AFB
1186 4013 1245 4085 rel
1262 4013 1479 4112 quadratum
1496 4035 1541 4086 ex
1557 4013 1610 4087 lc
1624 4011 1670 4085 ad
1686 4011 1797 4109 quad·

456 4144 578 4201 atram
592 4153 641 4203 ex
656 4131 735 4204 GF.
775 4129 877 4227 Ergo
893 4136 971 4223 (aa.
989 4130 1042 4218 6.)
1056 4148 1099 4202 ut
1110 4131 1182 4203 Ac
1196 4128 1241 4202 ad
1254 4127 1369 4206 lena
1385 4128 1435 4203 lc
1449 4126 1584 4215 adoF,
1601 4145 1639 4199 et
1650 4124 1800 4225 proinde

454 4242 538 4335 (115.
559 4244 612 4339 ς.)
629 4262 671 4316 ut
687 4245 754 4318 AB
770 4242 816 4316 ad
831 4243 888 4317 ID
905 4241 954 4315 ita
970 4242 1025 4315 ID
1044 4243 1090 4317 ad
1103 4242 1195 4318 GH.
1237 4243 1341 4318 Pata
1358 4241 1468 4340 igitur
1484 4243 1568 4317 Cor.
1585 4265 1648 4339 per
1660 4236 1747 4313 Des.
1762 4264 1797 4337 9.

506 4354 578 4428 xi.
603 4354 641 4428 θ’
657 4355 807 4430 ducatur
826 4379 891 4454 per
910 4355 1063 4429 alterum
1084 4354 1263 4447 sucorum,
1282 4375 1371 4456 puta
1385 4356 1429 4444 F,
1446 4355 1540 4429 rudia
1556 4356 1621 4430 FG
1646 4353 1702 4427 axi
1733 4355 1798 4428 AB

457 4465 651 4542 ordinatim
668 4468 860 4568 applicata
871 4488 911 4544 et
926 4492 991 4567 per
1005 4472 1183 4569 pandum
1198 4471 1248 4554 G,
1263 4471 1302 4545 in
1317 4494 1390 4569 quo
1407 4493 1529 4545 curvae
1544 4469 1713 4556 occurrit,
1730 4468 1799 4543 du·

455 4577 610 4654 duum
640 4581 859 4680 contingen
882 4581 959 4657 GT
971 4616 986 4670 3
1026 4583 1238 4685 contingens
1269 4583 1345 4659 GT
1379 4583 1585 4660 nominatur
1612 4583 1800 4681 Contingent
