5184 6600
833 978 1010 1141 Caput
1046 900 1349 1099 Secundam.
1448 1074 1452 1085 .
1635 1024 1668 1138 3
1675 1024 1746 1145 51
1846 922 1848 928 Δ

410 1231 701 1313 WAtnrsrus.
723 1234 1753 1351 QaeautemdeConisectionibusediditA.'D.1655.
1787 1262 1936 1305 vntu-

411 1376 510 1481 typis
528 1376 705 1455 mandata
717 1375 816 1467 sunt,
838 1393 877 1456 et
896 1378 936 1455 in
955 1376 1046 1455 duas
1058 1394 1184 1483 partes
1198 1376 1327 1455 divisa.
1356 1378 1419 1455 De
1437 1377 1573 1461 harum
1594 1397 1754 1488 utraque
1829 1344 1898 1385 rus.

403 1511 487 1616 jam
516 1513 721 1593 dicendum
740 1512 807 1603 est,
837 1514 884 1593 de
914 1517 1038 1623 priore
1068 1531 1196 1592 tamen
1225 1543 1303 1593 non
1329 1516 1485 1611 idcirco,
1510 1519 1614 1626 quod
1646 1547 1753 1601 novae

407 1654 817 1761 methodiexemplum
832 1682 908 1761 prae
928 1654 965 1733 se
984 1651 1093 1743 ferat,
1121 1654 1253 1760 (juxta
1271 1656 1527 1761 antiquiorem
1545 1658 1649 1737 enim
1667 1686 1753 1740 eam

407 1794 535 1902 aliqua
553 1796 687 1877 saltem
705 1822 752 1873 ex
772 1810 878 1901 parte
896 1793 1166 1899 concinnatur)
1188 1793 1248 1874 sed
1268 1794 1359 1903 quia
1376 1793 1523 1904 arrepti
1541 1799 1750 1891 occasrone,

407 1932 563 2012 Lectori
578 1960 654 2012 non
673 1957 876 2038 gravamur
894 1931 988 2011 illud
1006 1930 1212 2024 ostendere,
1227 1959 1345 2039 quam
1363 1929 1522 2012 feliciter
1541 1934 1602 2015 sed
1622 1935 1750 2018 diver·

406 2070 549 2150 srmode
576 2089 719 2162 tamen,
747 2070 789 2148 in
807 2070 939 2149 eadem
959 2073 1120 2149 materie
1139 2068 1331 2149 tractanda
1358 2067 1404 2146 ad
1423 2069 1568 2149 easdem
1588 2074 1749 2175 conclu-

405 2211 524 2294 fiones
539 2207 713 2292 devenire
724 2210 851 2290 liceat.
883 2212 985 2318 Agit·
998 2212 1127 2319 itaque
1140 2207 1268 2319 primb
1281 2209 1491 2289 Goometra
1504 2210 1568 2293 ille
1584 2215 1748 2313 eximius

404 2549 470 2607 essai
497 2548 540 2607 sut
560 2549 600 2607 lea
629 2549 754 2607 Sestium
779 2547 933 2625 Coniques,
963 2547 1012 2625 qui
1034 2547 1098 2625 plut
1128 2546 1272 2624 beaucoup
1296 2565 1352 2605 aux
1375 2545 1545 2607 Geometree
1571 2548 1640 2608 d’un
1663 2549 1747 2610 ordre

402 2644 506 2703 releve.
543 2645 624 2704 Noua
638 2648 757 2704 n’avont
769 2644 872 2720 jamaia
886 2643 1032 2703 rencontre
1046 2658 1091 2701 cet
1105 2640 1187 2710 ecrit,
1203 2642 1273 2702 mais
1285 2662 1355 2702 nous
1369 2644 1560 2720 conjecturam
1574 2665 1628 2725 que
1642 2646 1746 2706 Desar-

403 2759 475 2817 guea
492 2742 534 2800 lea
557 2761 576 2818 y
597 2740 762 2822 consideroit
781 2757 893 2799 comme
919 2740 990 2798 l'out
1007 2738 1060 2797 fait
1079 2737 1178 2816 depuis
1197 2737 1330 2816 quelques
1357 2738 1536 2809 Geometrer,
1559 2740 1745 2812 c’est-al-dire,

402 2853 514 2895 comme
526 2854 580 2914 une
600 2836 693 2894 mdme
706 2834 811 2894 coutbe
834 2834 882 2912 qui
897 2854 948 2912 par
969 2834 1011 2893 les
1034 2832 1186 2892 variatione
1207 2832 1244 2890 de
1268 2832 1403 2892 certainer
1418 2834 1509 2914 lignee
1523 2835 1638 2895 devient
1655 2842 1745 2899 tantbt

399 2932 546 3009 parabole,
561 2934 651 2992 tantdt
664 2929 759 3008 ellipse
773 2949 809 2988 ou
820 2928 1151 3007 hyperbole-Histoire
1167 2929 1226 2986 Des
1241 2928 1488 3009 Mathematiq'ues.
1503 2933 1592 2993 Tom.
1605 2954 1633 2993 2.
1647 2955 1674 3012 p⁴
1692 2936 1745 2996 61.

441 3027 501 3104 Qu
511 3026 634 3096 alterius,
655 3024 784 3085 notiffimi
797 3022 903 3083 scilicet
914 3025 948 3082 B.
970 3022 1066 3083 Pascal
1080 3024 1127 3081 vel
1141 3042 1246 3082 nomen
1259 3024 1382 3093 audivit,
1394 3026 1471 3085 idem
1484 3026 1625 3107 intelligat
1638 3032 1744 3104 ueceffe

399 3122 450 3190 est,
472 3121 531 3180 fere
545 3122 574 3181 in
586 3122 642 3181 alio
655 3120 768 3181 nemine
782 3118 902 3178 extitisse
915 3120 960 3177 vel
973 3138 1087 3197 praeeox
1101 3119 1193 3197 magis
1207 3120 1363 3198 ingenium,
1378 3122 1513 3200 velaque
1529 3124 1743 3185 memorabilem

399 3217 431 3276 in
445 3216 523 3276 omni
536 3217 672 3287 doctrina,
685 3234 771 3295 quam
785 3234 820 3273 ex
830 3214 857 3272 se
867 3213 1020 3273 ornandam
1036 3213 1164 3293 suscepit,
1172 3216 1329 3292 profectum
1339 3230 1369 3276 et
1380 3216 1521 3295 peritiam.
1548 3221 1655 3300 Qrami
1668 3220 1744 3282 inter

399 3315 559 3374 Sestionum
575 3315 745 3375 (Ionicarum
759 3313 924 3390 interpretes
944 3311 1140 3371 existimandus
1155 3315 1205 3379 est,
1226 3312 1288 3372 satis
1303 3316 1435 3374 testantur
1457 3335 1491 3375 ea
1503 3336 1564 3395 quae
1578 3337 1594 3376 e
1608 3319 1741 3398 prolego-

399 3410 487 3469 menis
498 3411 534 3470 ad
545 3412 604 3488 ejus
613 3431 729 3491 opetum
742 3409 896 3468 editionem
904 3408 996 3488 Hagae
1009 3408 1156 3468 Comitum
1170 3410 1257 3468 A.D.
1275 3429 1363 3490 ¹779·
1375 3411 1521 3492 vulgatam
1535 3412 1740 3494 subjungimus.

398 3513 423 3541 “
438 3507 527 3567 Blaise
542 3508 636 3568 Pascal
648 3508 745 3588 naquit
758 3529 775 3567 a
789 3509 938 3567 clermont
951 3528 986 3566 en
1001 3509 1166 3586 Auvergne,
1179 3509 1247 3585 Jun.
1271 3529 1320 3586 19,
1339 3518 1428 3587 1023.
1450 3513 1475 3570 ll
1490 3514 1520 3569 n'
1534 3513 1611 3572 avoit
1626 3534 1675 3592 pas
1689 3535 1739 3575 en·

396 3621 462 3662 eote
475 3603 547 3663 seize
560 3624 621 3673 ans,
643 3604 723 3683 qu'il
736 3602 866 3683 composa
879 3602 976 3663 surlet
991 3603 1115 3663 Sefflous
1130 3603 1276 3680 Coniquee
1291 3621 1327 3662 un
1335 3605 1408 3682 petit
1422 3607 1537 3680 Traite,
1559 3610 1608 3687 qui
1627 3609 1681 3670 suit
1692 3631 1740 3671 re·

395 3698 485 3778 garde
498 3701 571 3759 alors
585 3720 694 3759 comme
710 3719 746 3758 un
758 3700 881 3777 prodige
896 3699 931 3756 de
946 3698 1080 3774 sagacite.
1116 3701 1143 3755 A
1158 3698 1187 3755 la
1201 3697 1306 3756 theotie
1326 3698 1376 3757 des
1390 3701 1501 3771 fluides,
1525 3705 1618 3764 Pascal
1633 3707 1665 3764 sit
1677 3707 1738 3768 suc.

395 3795 480 3853 ceder
498 3796 641 3854 differents
657 3794 770 3852 Traitt‘es
789 3794 831 3851 sur
846 3794 873 3851 la
888 3791 1064 3853 Geometrie.
1103 3792 1182 3849 Dans
1196 3793 1217 3850 l’
1232 3811 1281 3859 un,
1303 3793 1351 3870 qui
1366 3797 1442 3855 avoit
1459 3817 1530 3875 pour
1545 3797 1621 3865 titre,
1634 3803 1737 3862 “Pro·

287 3953 296 3970 .
394 3905 486 3950 motus
503 3890 668 3967 Apollonius
683 3891 818 3955 Gallus,”
838 3888 860 3946 il
874 3886 1000 3946 etendoit
1013 3887 1042 3944 la
1061 3886 1167 3944 theorie
1180 3886 1229 3945 det
1245 3888 1370 3947 Seuions
1385 3892 1541 3971 Coniquee,
1562 3909 1591 3951 et
1604 3893 1624 3951 il
1636 3914 1672 3953 en
1684 3896 1737 3956 de-

395 3988 523 4049 eouvroit
537 3988 667 4066 plusieurs
681 3986 836 4065 proprietdt
849 3984 1031 4044 entiirement
1044 3983 1196 4043 inconnuea
1215 4004 1270 4044 aux
1291 3985 1414 4045 Anticus
1424 4011 1434 4058 3
1457 3987 1527 4048 dane
1548 3989 1671 4050 d'autrea
1691 3993 1736 4052 in·

396 4084 502 4154 titults,
516 4089 537 4119 ‘⁴
548 4084 698 4143 Tatlionet
708 4082 866 4161 sphaerieae;
889 4079 1040 4139 Tadionee
1054 4079 1180 4148 conicaet
1201 4081 1273 4140 Loci
1286 4081 1412 4160 planiae
1427 4084 1507 4143 solidi
1521 4109 1531 4155 ς
1554 4084 1736 4165 Perspeetivae

396 4179 581 4248 methodur,''
604 4186 657 4239 dcc.
678 4180 700 4238 il
715 4176 1015 4256 s’ttoitpareitlement
1032 4191 1131 4236 ouvett
1152 4176 1201 4234 des
1221 4193 1313 4237 mutes
1333 4180 1486 4239 nouvelles.
1522 4179 1548 4240 11
1570 4201 1589 4258 y
1610 4203 1626 4241 a
1646 4203 1736 4263 appa-

394 4296 477 4337 rence
488 4297 543 4357 que
553 4296 598 4336 ces
613 4279 761 4356 Ouvrages
775 4276 836 4334 sont
849 4273 973 4353 perdum
995 4273 1033 4332 du
1056 4273 1160 4344 moins,
1180 4275 1291 4354 malgre
1316 4293 1407 4334 toutes
1428 4293 1488 4333 mes
1512 4277 1687 4346 recherches,
1703 4279 1736 4355 je

394 4375 456 4434 n‘ai
474 4373 513 4453 pu
527 4375 656 4452 parvenit
675 4374 692 4433 al
705 4394 751 4432 me
765 4375 805 4433 lea
818 4374 983 4450 procurer.''
1341 4388 1342 4393 ’

437 4472 472 4528 In
486 4471 566 4545 hujus
587 4472 689 4550 Operis
705 4473 801 4532 Tomo
820 4475 862 4549 4¹⁰
873 4471 922 4530 tub
935 4469 1046 4530 initium
1058 4484 1154 4530 extant
1167 4473 1289 4550 plagulae
1304 4470 1441 4550 quadam,
1463 4491 1526 4549 quae
1545 4471 1575 4531 in
1589 4471 1615 4532 se
1629 4474 1735 4536 habeut

393 4565 582 4628 Definitiones
604 4568 747 4645 quasdam,
781 4568 942 4636 Lemmata,
976 4583 1004 4626 et
1032 4567 1191 4627 affectiones
1212 4567 1382 4627 Coniearum
1406 4568 1564 4628 Sedlionum
1600 4570 1733 4648 quasdam

337 4696 342 4706 ⁸
393 4664 561 4734 enuntiatae,
570 4684 687 4742 quarum
701 4679 795 4725 tamen
807 4666 1052 4725 demonstrationes
1065 4686 1120 4726 non
1134 4667 1249 4741 adjectae
1264 4667 1334 4727 sunt.
1369 4667 1436 4726 Istas
1450 4685 1560 4747 quoque
1573 4669 1732 4748 affectiones

393 4758 435 4819 ibi
447 4761 546 4838 Pascal
557 4759 657 4819 diserte
670 4761 710 4819 ait
722 4763 815 4839 primo
829 4782 847 4819 a
861 4764 908 4822 Cl.
923 4764 1071 4841 De‘sargues
1090 4765 1216 4823 tractatas
1231 4763 1318 4838 fuisse,
1333 4783 1418 4847 quem
1431 4778 1460 4829 et
1472 4763 1624 4845 honorifice
1637 4765 1730 4845 prose-

394 4857 489 4938 quitur
501 4857 540 4920 ob
552 4857 691 4940 insignem
704 4857 803 4937 ejutin
815 4859 909 4924 studiis
922 4859 1127 4925 mathematicis
1139 4859 1288 4924 ruteniam.

1684 4960 1732 5041 de
