5184 6600
941 1006 1040 1121 De
1082 993 1371 1116 Parabola.
1753 999 1831 1152 67

487 1226 580 1299 ciem
597 1220 783 1319 continget
801 1242 867 1317 per
881 1220 965 1295 Cor.
989 1245 1020 1295 r.
1047 1224 1155 1315 Prop.
1171 1219 1205 1291 6.
1229 1239 1262 1291 1.
1281 1232 1319 1287 et
1336 1213 1444 1311 plano
1460 1237 1524 1313 per
1540 1214 1652 1287 reelas
1672 1214 1753 1301 DF,
1767 1216 1833 1288 BE

487 1338 679 1413 transeunti
698 1344 775 1433 (ις.
803 1336 879 1424 rr.)
904 1335 969 1409 erit
992 1335 1211 1433 parallelum.
1262 1330 1363 1428 Ergo
1389 1330 1414 1401 st
1438 1353 1548 1403 conus
1571 1328 1705 1402 secetur
1721 1330 1830 1428 plano

489 1476 551 1549 per
564 1452 674 1523 redtas
687 1450 769 1535 DF,
783 1448 846 1521 BE
859 1446 1057 1521 transeunte
1078 1447 1183 1522 sertio
1199 1445 1267 1521 erit
1277 1445 1446 1542 parabola
1458 1470 1521 1541 per
1531 1442 1612 1519 Des.
1629 1468 1658 1518 r.
1672 1442 1771 1543 cujus
1784 1443 1833 1516 est
1955 1531 1956 1537 η

489 1567 559 1639 DF
576 1565 747 1637 diameter
771 1587 835 1662 per
849 1559 931 1638 Des.
952 1586 986 1655 3.
1007 1580 1043 1633 et
1060 1560 1144 1653 huic
1161 1560 1334 1634 diatnetro
1350 1560 1445 1633 κᾶε
1461 1558 1524 1632 BE
1541 1557 1652 1655 dupla
1673 1558 1833 1633 ordinata

489 1702 556 1777 per
569 1675 655 1754 Def.
675 1700 711 1772 5.

713 1965 963 2049 PROP.
1025 1966 1182 2049 XXIV.
1255 1967 1502 2051 PROB.
1559 1968 1634 2049 IV.

493 2152 609 2233 Datis
639 2152 827 2266 politione
853 2171 891 2233 et
919 2152 1194 2262 magnitudine
1220 2155 1372 2235 duabus
1402 2156 1532 2247 restis,
1563 2161 1732 2263 quarum
1757 2180 1834 2233 una

545 2278 596 2357 ab
616 2278 738 2359 alteri
757 2275 939 2356 bifariam
959 2276 1126 2368 secatum
1158 2278 1373 2359 describere
1391 2281 1433 2359 in
1454 2278 1573 2387 plano
1593 2276 1832 2388 parabolam,
1971 2319 1976 2328 ·

548 2401 590 2480 in
611 2427 688 2508 qua
707 2402 809 2479 reda
827 2401 987 2479 alteram
1005 2397 1185 2479 bifariam
1208 2401 1350 2493 secans,
1368 2403 1440 2480 erit
1461 2400 1642 2481 diametri
1661 2398 1833 2494 abscissa,

550 2526 653 2603 reeta
669 2550 759 2604 vero
779 2520 962 2623 bifariam
981 2520 1081 2603 seda
1098 2518 1194 2601 huic
1214 2524 1406 2604 diametro
1425 2522 1547 2633 dupla
1565 2526 1759 2605 ordinata.

557 2723 654 2798 lNT
681 2724 777 2797 data
804 2718 977 2820 positione
1009 2741 1046 2795 et
1069 2723 1319 2820 magnitudine
1348 2724 1453 2798 reetae
1480 2724 1564 2812 ΑΕ,
1587 2725 1661 2811 BC,
1682 2725 1834 2823 quarum
1864 2708 1941 2799 Fre.
1957 2757 2007 2816 ²4·

582 2839 676 2911 reda
691 2839 763 2912 ΑΕ
787 2834 954 2911 bifariam
974 2835 1066 2909 secat
1086 2837 1219 2911 tedam
1242 2838 1303 2911 BC
1322 2838 1359 2911 in
1378 2841 1512 2937 pundlo
1527 2839 1582 2924 E;
1609 2855 1755 2937 oportet
1768 2864 1835 2937 pa-

494 2954 653 3028 rabolam
671 2953 708 3026 in
724 2952 832 3053 plano
848 2950 1043 3026 describere
1056 2945 1161 3050 ‘cujus
1175 2951 1244 3026 erit
1261 2953 1331 3029 ΑΕ
1354 2951 1496 3028 abscissa
1515 2953 1692 3041 diametri,
1714 2973 1751 3027 et
1771 2954 1834 3029 BC

496 3069 580 3143 huic
596 3066 770 3143 diametro
787 3066 898 3164 dupla
914 3066 1090 3140 ordinata.
1346 3054 1349 3062 ’

545 3181 669 3257 Reetis
690 3181 774 3270 ΑΕ,
790 3180 853 3254 ΕΒ
876 3180 917 3254 fit
938 3180 1031 3253 reela
1055 3180 1102 3252 M
1118 3178 1224 3253 tertia
1242 3179 1533 3280 proportionalis,
1559 3199 1596 3255 et
1619 3182 1836 3281 producatur

496 3298 567 3374 EA
579 3296 691 3398 usque
708 3297 753 3372 ad
768 3296 942 3396 punctum
959 3295 991 3383 1,
1018 3294 1132 3369 donec
1149 3293 1192 3367 fit
1213 3296 1268 3370 AI
1287 3316 1415 3396 quarta
1434 3321 1515 3396 pars
1536 3296 1640 3372 redtae
1659 3298 1718 3374 Μ.
1768 3299 1837 3374 Per
1893 3330 1897 3337 ¹

495 3413 670 3513 pundttm
688 3413 724 3487 A
740 3411 892 3484 ducatur
908 3409 1004 3483 reeta
1017 3410 1094 3485 TN
1113 3410 1177 3508 ipfi
1193 3413 1255 3486 BC
1273 3412 1450 3512 parallela.
1502 3414 1556 3487 Sit
1572 3414 1728 3513 angulus
1739 3413 1835 3490 NA!

497 3529 556 3602 vel
574 3527 693 3602 minor
707 3525 840 3624 angulo
853 3524 947 3599 IAT
961 3524 1021 3597 vel
1037 3525 1185 3622 aequalis
1195 3526 1228 3600 ei
1241 3559 1254 3610 t
1272 3527 1405 3624 fiatque
1418 3525 1569 3624 angulus
1586 3527 1695 3600 NAF
1707 3528 1839 3624 angulo

497 3643 594 3716 NAI
610 3638 774 3738 aequalis,
799 3658 838 3714 et
854 3638 900 3713 ad
920 3637 1060 3713 easdem
1080 3658 1197 3737 partes
1222 3638 1328 3713 redte
1347 3639 1412 3714 IE.
1462 3640 1620 3712 Ponatur
1640 3638 1727 3712 item
1743 3641 1839 3713 redla
1879 3640 1881 3645 ’

500 3757 569 3830 AF
593 3755 698 3852 κᾶε
720 3755 776 3829 Al
800 3749 970 3853 aequalis;
997 3770 1034 3826 et
1055 3774 1121 3849 per
1142 3751 1318 3850 pandum
1338 3751 1356 3826 1
1377 3751 1531 3825 ducatur
1547 3754 1641 3826 resta
1657 3753 1838 3827 indefinita

500 3872 588 3958 DX,
613 3867 677 3969 ipsi
707 3868 760 3943 lE
785 3865 969 3941 adrectos
997 3864 1159 3963 angulos.
1210 3865 1284 3938 His
1311 3865 1362 3938 ita
1385 3866 1610 3963 comparatis,
1644 3866 1840 3964 applicetur

500 3983 593 4056 latua
609 3983 685 4081 QG
703 4003 840 4054 normae
856 3979 958 4077 QGs
976 3978 1081 4051 reetae
1096 3979 1186 4067 Dx,
1202 3998 1240 4052 et
1256 3979 1412 4053 alterum
1429 3978 1535 4079 ipsrus
1546 3979 1640 4052 latus
1656 3979 1717 4052 GS
1734 3981 1840 4054 reelae

501 4095 566 4170 lE.
616 4095 845 4169 Extremitati
865 4097 890 4166 S
913 4091 1032 4166 lateris
1052 4093 1113 4166 GS
1131 4095 1338 4169 annectatur
1361 4119 1433 4168 una
1448 4094 1650 4168 extremitas
1663 4095 1715 4168 fili
1732 4096 1840 4185 SAF,

500 4208 656 4308 ejusdem
680 4205 913 4306 longitudinis
936 4230 1023 4279 cum
1052 4206 1159 4279 latere
1189 4207 1276 4293 GS;
1309 4208 1418 4283 altera
1448 4232 1532 4283 vero
1561 4209 1763 4282 extremitas
1786 4208 1839 4283 lili

457 4373 465 4386 s
502 4324 631 4422 ligatur
645 4323 683 4395 in
699 4322 835 4421 pundlu
850 4324 892 4396 F.
942 4322 1026 4416 Ope
1040 4319 1163 4418 paxilli
1181 4310 1218 4393 A
1236 4321 1432 4394 adducatur
1443 4345 1523 4419 pam
1541 4321 1592 4395 lili
1605 4324 1669 4394 SA
1686 4321 1730 4395 ad
1745 4322 1841 4398 latus

503 4460 640 4512 normae
656 4436 728 4526 GS,
755 4452 791 4509 et
801 4430 910 4533 juxta
931 4433 1047 4534 ipsum
1064 4433 1238 4511 tendatur.
1289 4437 1432 4510 Deinde
1453 4458 1642 4511 moveatur
1658 4437 1748 4510 latus
1765 4439 1841 4541 QG

502 4551 693 4626 secundum
715 4552 847 4626 tertam
868 4552 956 4636 DX,
983 4570 1019 4623 et
1045 4550 1176 4624 interea
1201 4552 1304 4626 filum
1328 4554 1465 4652 paxillo
1489 4554 1677 4628 distentum
1704 4553 1843 4654 semper

504 4665 602 4740 lateri
624 4664 687 4737 Gs
714 4663 935 4763 applicatum
960 4683 1121 4738 teneatur
1132 4699 1145 4751 ς
1170 4665 1336 4766 lineaque
1349 4690 1454 4743 motu
1471 4669 1593 4769 paxilli
1618 4673 1655 4745 A
1672 4669 1843 4770 del-'cripta

503 4779 570 4853 erit
585 4801 696 4853 curva
709 4779 902 4877 parabolae,
928 4803 1041 4877 quam
1056 4781 1243 4878 oportebat
1258 4782 1467 4859 describere.

554 4894 651 4967 Puta
661 4893 764 4968 enim
778 4892 986 4991 parabolam
999 4892 1147 4968 describi
1164 4894 1263 4996 cujus
1279 4898 1376 4971 reeta
1397 4896 1468 4971 ΑΕ
1483 4898 1531 4971 est
1548 4896 1689 4973 abscissa
1705 4898 1843 4971 diame-

480 5064 484 5074 .
505 5004 567 5094 tri,
588 5005 687 5079 setta
706 5030 792 5082 vero
816 5009 878 5110 BC
901 5010 984 5086 huic
1001 5010 1175 5087 diametro
1198 5013 1308 5113 dupla
1324 5011 1496 5102 ordinata,
1516 5013 1614 5113 quod
1629 5037 1694 5114 per
1709 5036 1845 5111 praece·

516 5175 522 5191 ·
762 5161 767 5179 ·
1140 5126 1157 5201 1
1182 5147 1206 5202 2
1703 5129 1847 5204 dentem
