5184 6600
919 973 1019 1088 De
1059 962 1375 1139 Hyperbela.
1534 906 1535 909 Ὺ
1697 1010 1806 1093 121

479 1181 962 1283 rediaCMAENparallelae,
973 1185 1080 1259 altera
1088 1171 1200 1274 alteri,
1211 1182 1581 1287 occurrentesMQin
1591 1186 1639 1269 0,
1647 1187 1688 1262 P.
1713 1129 1815 1263 Tum

479 1304 574 1379 reda
598 1301 652 1374 lL
681 1298 731 1372 est
750 1296 902 1372 secunda
922 1297 1105 1389 diameter,
1128 1320 1164 1375 et
1180 1300 1357 1376 ordinatae
1373 1300 1629 1378 diametrorum
1655 1303 1734 1392 ΒΚ,
1752 1305 1815 1378 RS

479 1433 584 1490 erunt
600 1413 779 1513 parallelae
791 1413 855 1512 ipsr
864 1414 932 1501 IL,
941 1435 1007 1511 per
1023 1416 1107 1489 Cor.
1126 1438 1157 1490 1.
1176 1416 1286 1514 Prop.
1305 1439 1361 1492 12.
1393 1416 1492 1513 Ετςο
1506 1417 1601 1490 reeta
1617 1417 1816 1517 MQordi-

480 1550 563 1606 nata
578 1530 628 1603 est
640 1527 820 1603 diametris
837 1530 915 1617 ΒΚ,
928 1530 1002 1616 RS,
1017 1548 1054 1602 et
1065 1530 1215 1627 proinde
1228 1527 1393 1607 bifariam
1409 1528 1543 1603 secatur
1560 1530 1595 1603 in
1612 1532 1752 1628 punctis
1765 1532 1816 1621 Ο,
1979 1593 1981 1599 .

480 1645 670 1830 Ξὲαῃιέυοά
687 1642 736 1716 est
757 1640 958 1718 absurdum.
998 1645 1120 1744 Quare
1142 1644 1249 1719 redtae
1273 1641 1366 1730 CM,
1384 1642 1455 1715 FN
1474 1639 1541 1715 sese
1561 1638 1724 1718 bifariam
1746 1669 1817 1717 non

532 1871 618 1945 Cor.
638 1872 667 1945 l.
694 1869 800 1943 Patet
817 1891 862 1940 ex
874 1868 942 1941 hac
957 1887 994 1941 et
1009 1868 1118 1965 Prop.
1135 1891 1169 1964 9.
1186 1886 1223 1942 et
1244 1892 1301 1944 η.
1319 1893 1445 1943 omnes
1460 1869 1650 1959 ordinatas,
1668 1868 1818 1970 cujusvis
1858 1944 1860 1951 ,

450 1977 454 1982 ’
479 1984 646 2059 diametri
673 1982 961 2081 hyperbolarum,
983 1982 1051 2055 effe
1077 1982 1171 2057 inter
1191 1980 1225 2055 se
1243 1985 1435 2082 parallelae

531 2102 614 2174 Cor.
632 2101 689 2195 11.
707 2098 744 2171 si
762 2100 862 2198 QM,
886 2098 955 2171 DF
972 2097 1038 2171 lint
1059 2098 1178 2196 duplae
1202 2098 1375 2176 ordinatae
1398 2099 1573 2174 diametro
1598 2099 1677 2185 KB,
1695 2096 1758 2197 ipsi
1781 2099 1818 2172 in

480 2212 622 2311 punctis
638 2215 688 2303 0,
706 2214 740 2287 E
756 2229 993 2299 occurrentes,
1010 2211 1076 2285 erit
1091 2212 1341 2310 redangulum
1357 2213 1420 2286 sub
1437 2211 1586 2290 absciffis
1601 2212 1681 2299 KE,
1696 2214 1756 2286 ΕΒ
1774 2211 1819 2285 ad

481 2328 696 2424 quadratum
718 2351 764 2400 ex
784 2323 946 2399 ordinati
963 2324 1035 2398 DE
1057 2345 1099 2398 ut
1113 2324 1361 2422 reetangulum
1377 2323 1441 2398 sub
1458 2325 1543 2413 ΚΟ,
1559 2324 1625 2397 ΟΒ
1643 2310 1687 2399 ad
1704 2322 1820 2423 quad·

483 2459 602 2515 ratum
619 2464 665 2515 ex
681 2437 841 2515 ordinati
857 2440 945 2538 QO,
961 2460 1026 2536 per
1042 2438 1128 2512 Cor.
1150 2464 1180 2513 r.
1198 2458 1234 2513 et
1252 2442 1358 2541 Prop.
1380 2464 1413 2516 2.

937 2774 1185 2857 PROP.
1244 2775 1361 2857 XIV.
1466 2799 1470 2804 ·

485 2980 692 3063 Diameter
715 2979 1022 3092 hyperbolamm
1043 2978 1311 3091 oppofitarum
1337 2976 1523 3058 ordinatis
1551 2978 1715 3060 alteriue*
1734 2976 1820 3058 dia-

547 3106 665 3186 metri
683 3105 878 3214 parallela,
890 3103 993 3206 ,huic
1012 3102 1124 3184 alteri
1142 3103 1217 3183 erit
1235 3100 1462 3220 conjugata.
1582 3107 1584 3115 ’

572 3346 630 3418 Rl
642 3346 743 3433 ΜΟ,
761 3347 805 3419 stt
820 3345 1010 3421 transversa
1025 3346 1199 3419 diameter
1210 3347 1274 3421 BL
1288 3343 1563 3445 hyperbolarum
1579 3343 1825 3443 oppositarum
1851 3364 1931 3427 Fre.
1972 3369 2004 3430 a.

588 3460 708 3547 ELG,
733 3463 837 3534 OBD
861 3462 1027 3559 parallela
1051 3459 1221 3535 ordinatis
1249 3461 1338 3547 GN,
1368 3460 1443 3531 KD
1471 3457 1631 3532 secundae
1661 3455 1825 3533 diametri

331 3625 333 3631 -
487 3574 589 3673 cQ
615 3573 787 3646 diameter
802 3575 870 3647 BL
883 3573 950 3646 erit
965 3574 1140 3646 diametro
1156 3572 1444 3676 CQconjugata.

493 3727 501 3739 =
540 3687 639 3760 Nam
661 3686 832 3760 ordinatae
853 3687 1015 3760 diametri
1037 3689 1104 3761 BL
1130 3708 1234 3761 erunt
1255 3688 1435 3786 parallelae
1462 3685 1638 3762 diametro
1665 3686 1827 3786 CQper

489 3800 575 3872 Cor.
600 3823 629 3871 1.
649 3800 757 3897 Prop.
781 3822 840 3874 12.
858 3818 893 3872 et
902 3798 1049 3898 proinde
1063 3822 1129 3899 per
1143 3798 1226 3875 Def.
1247 3823 1282 3897 9.
1299 3799 1473 3874 diameter
1487 3800 1553 3874 BL
1568 3799 1634 3872 erit
1651 3795 1826 3895 conjuga-

490 3935 532 3988 ta
546 3915 719 3988 diametro
735 3916 826 4013 CQ.

543 4031 721 4117 Secundo,
729 4030 771 4102 fit
783 4030 985 4103 centrumC
1001 4048 1038 4103 et
1049 4029 1222 4105 diameter
1232 4028 1647 4128 secundaCQparallela
1658 4029 1828 4106 ordinatis

326 4187 342 4208 ·
490 4144 523 4217 F
526 4143 572 4232 G,
580 4144 632 4218 ΙΙ(
643 4142 1011 4219 transversaediametri
1020 4145 1085 4218 BL
1091 4145 1283 4230 ,diameter
1292 4144 1441 4242 CQerit
1451 4141 1640 4243 conjugata
1651 4145 1828 4221 diametro

489 4258 572 4331 BL.
599 4259 698 4331 Nam
708 4256 937 4332 ducaturGN
947 4257 1011 4355 ipsi
1022 4259 1087 4332 BL
1095 4259 1274 4356 parallela,
1286 4281 1473 4332 occurrens
1485 4258 1697 4358 CQinPet
1708 4282 1829 4332 curvae

490 4374 700 4471 hyperbolae
711 4375 814 4448 OBD
827 4375 863 4447 in
880 4377 919 4447 N
926 4407 938 4459 ς
960 4394 996 4446 et
1011 4375 1165 4448 ducatur
1179 4375 1253 4448 NR
1272 4358 1336 4473 ip'sr
1352 4373 1419 4446 BL
1435 4372 1606 4446 ordinata.
1648 4375 1749 4446 Tum
1766 4397 1831 4471 per

492 4488 580 4561 Cor.
609 4512 639 4583 1.
664 4491 771 4588 Prop.
800 4511 856 4585 ¹3·
883 4491 938 4587 (et
961 4511 1021 4584 34.
1045 4489 1098 4583 1.)
1120 4506 1223 4561 erunt
1243 4489 1333 4575 NR,
1354 4487 1421 4562 GF
1442 4488 1612 4586 aequales,
1637 4487 1831 4562 etidcirco

491 4602 649 4698 aequales
666 4601 746 4689 cR,
764 4604 840 4692 CF,
857 4626 922 4704 per
938 4604 1022 4700 Cor.
1038 4629 1072 4702 3.
1091 4604 1200 4700 Prop.
1221 4607 1254 4677 8.
1290 4601 1391 4700 Ergo
1406 4600 1485 4676 sunt
1502 4603 1657 4700 aequales
1675 4605 1757 4702 (34,
1779 4607 1831 4694 r.)

493 4713 579 4799 NP,
597 4713 676 4801 PG,
694 4733 730 4786 et
746 4714 895 4812 proinde
912 4716 987 4790 NG
1004 4715 1112 4827 dupla
1127 4716 1288 4790 ordinata
1305 4716 1480 4790 diametro
1497 4716 1593 4818 CQ
1628 4719 1753 4811 Quare
1768 4741 1834 4814 per

493 4826 605 4924 Prop.
627 4851 683 4903 12.
701 4848 736 4902 et
752 4827 833 4904 Des.
855 4854 888 4927 9.
907 4829 1081 4904 diameter
1095 4831 1184 4926 ΕΟ,
1193 4828 1385 4929 conjugata
1400 4831 1451 4905 est
1465 4831 1640 4906 diametro
1661 4832 1740 4905 BL.

547 4940 631 5016 Cur.
650 4943 681 5020 1.
707 4943 813 5018 Patet
828 4968 891 5043 per
908 4943 999 5019 hanc
1011 4962 1048 5019 et
1064 4943 1148 5019 Cor.
1188 4968 1218 5020 1.
1235 4947 1341 5041 Prop.
1358 4968 1395 5046 9.
1416 4932 1518 5041 quod'
1532 4941 1683 5018 secunda
1698 4941 1834 5016 diame-

1138 5059 1177 5146 Q
1655 5138 1657 5142 ,
1779 5075 1835 5131 ter
