5184 6600
719 984 724 996 '⁴
790 990 933 1104 228.
999 985 1290 1105 Sediionurn
1318 931 1626 1104 Conicaram
1671 983 1805 1103 L113.
1840 976 1945 1105 VI.

865 1290 971 1362 ARS
987 1292 1016 1364 1.
1044 1290 1245 1364 Occurrant
1262 1290 1367 1363 reoae
1381 1291 1458 1375 AB,
1470 1289 1538 1362 AE
1552 1287 1750 1386 asymptoto
1762 1289 1831 1363 CG
1844 1289 1879 1363 in
1892 1289 1946 1376 H,
1957 1290 2004 1363 G.
2023 1287 2127 1369 Tum

870 1403 1157 1497 (2.6.)critAB
1176 1403 1219 1475 ad
1236 1402 1307 1475 BH
1325 1418 1365 1474 ut
1382 1402 1507 1476 AFad
1524 1402 1601 1475 FG.
1647 1400 1718 1474 Sed
1741 1403 2041 1490 reBaeAB,BH,
2068 1404 2126 1479 uti
2225 1501 2227 1505 A

786 1515 895 1589 ctiam
914 1519 999 1604 AD,
1015 1516 1097 1604 EG,
1111 1515 1189 1589 sunt
1204 1514 1371 1613 aequalcs,
1382 1539 1447 1615 pet
1461 1515 1566 1613 Prop.
1581 1538 1641 1606 4¹·
1661 1513 1745 1603 Lib.
1760 1540 1803 1605 43
1817 1535 1853 1589 et
1865 1516 2013 1614 proinde
2028 1517 2129 1595 reda

786 1632 856 1705 DE
870 1629 1033 1704 bifariam
1051 1630 1183 1703 secatur
1200 1630 1236 1703 in
1254 1632 1295 1705 F.

835 1746 925 1817 Pars
942 1747 990 1819 II.
1019 1747 1218 1817 Occurrant
1233 1745 1337 1818 reetae
1351 1745 1431 1831 AB,
1442 1743 1511 1817 ΑΕ
1524 1742 1622 1816 alteri
1639 1743 1838 1843 asymptoto
1856 1744 1924 1819 CG
1943 1746 1979 1817 in
1998 1744 2124 1844 H,G;

698 1851 702 1859 ’
784 1878 821 1930 ct
837 1859 1008 1956 quoniam
1026 1856 1103 1931 sunt
1119 1858 1222 1931 reatae
1237 1858 1326 1945 DF,
1339 1858 1402 1930 FE
1420 1857 1574 1954 aequalcs
1595 1881 1658 1955 pet
1675 1858 1892 1956 hypothefin,
1917 1859 2021 1931 κᾶε
2037 1880 2126 1933 vero

783 1973 873 2058 AD,
889 1972 959 2046 EG
986 1974 1152 2071 aequalcs,
1178 1996 1243 2069 per
1267 1973 1374 2069 Prop.
1389 1994 1450 2061 41.
1479 1971 1606 2064 Liba,
1616 2005 1627 2056 ;
1646 1990 1749 2045 erunt
1775 1959 1932 2070 ‘aquales
1948 1972 2028 2060 AF,
2042 1972 2123 2047 FG.

782 2088 852 2160 Sed
865 2106 907 2161 ut
922 2090 990 2161 AF
1006 2090 1049 2162 ad
1066 2089 1139 2185 ⁸FG
1157 2090 1204 2162 ita
1230 2095 1281 2182 (a.
1296 2088 1352 2183 6.)
1371 2089 1438 2161 ΑΒ
1454 2086 1498 2159 ad
1514 2086 1607 2169 BH,
1634 2106 1670 2157 et
1687 2086 1834 2184 proinde
1850 2088 1943 2160 reda
1959 2087 2040 2161 AH
2062 2085 2123 2160 bi·

781 2197 910 2274 fariam
935 2200 1067 2275 secatur
1085 2204 1120 2275 in
1137 2203 1270 2302 puncto
1287 2204 1330 2278 B.
1372 2201 1472 2300 Ergo
1488 2201 1582 2277 redta
1598 2202 1665 2274 AB
1683 2201 1860 2300 contingit
1876 2201 2122 2300 hyperbolam,

780 2339 846 2413 per
861 2332 934 2389 cor.
954 2316 1060 2414 Prop.
1080 2340 1142 2408 41.
1161 2316 1245 2391 Lib.
1259 2342 1296 2402 4.
1889 2315 1939 2415 Q
1956 2317 2001 2390 E.
2020 2317 2071 2390 D.
2093 2342 2096 2348 ·

831 2428 915 2503 Cor.
942 2430 979 2503 Si
995 2430 1089 2504 reda
1105 2429 1176 2514 DE
1193 2429 1311 2505 secans
1327 2429 1558 2529 hyperbolam
1575 2429 1633 2504 vel
1653 2428 1864 2527 hyperbolas
1889 2428 2066 2526 oppofitas
2082 2428 2121 2502 in

781 2539 831 2631 D,
842 2540 875 2617 E
904 2540 1069 2617 bifariam
1092 2542 1229 2618 secetur
1252 2544 1289 2618 in
1316 2546 1361 2633 F,
1386 2565 1422 2620 et
1444 2568 1508 2644 per
1524 2542 1693 2644 punctum
1717 2545 1747 2615 F
1770 2543 1919 2616 ducatur
1943 2543 2036 2616 rec'ta
2057 2543 2120 2616 FB

779 2653 981 2756 asymptoto
998 2657 1067 2734 CG
1083 2660 1252 2757 parallela
1266 2678 1304 2733 et
1328 2681 1517 2735 occurrens
1540 2678 1659 2729 curvae
1688 2653 1725 2727 in
1750 2656 1804 2741 Β,
1831 2654 2037 2752 contingens
2054 2677 2118 2751 per

752 2815 754 2822 -
778 2767 954 2952 punctum
973 2772 1001 2844 B
1028 2770 1133 2844 duda
1150 2790 1313 2846 occurret
1335 2769 1464 2845 secanti
1492 2770 1562 2846 DE
1585 2767 1631 2843 ad
1651 2768 1797 2844 alteram
1814 2766 2012 2946 asynrptoto
2032 2769 2118 2867 CA.

812 2898 884 2954 atet
897 2901 963 2979 per
978 2880 1068 2959 hanc
1084 2901 1121 2960 et
1138 2884 1246 2985 Prop.
1266 2888 1299 2963 8.
1319 2882 1403 2961 Lib.
1422 2907 1453 2959 1.

1252 3256 1643 3369 rauna

618 3542 628 3581 t
660 3564 667 3580 .
704 3564 714 3588 ‚
776 3490 863 3578 Sitit
883 3513 960 3576 tres
980 3497 1092 3575 restae
1112 3494 1200 3588 AB,
1215 3495 1307 3587 ΑΕ,
1339 3492 1429 3585 BD,
1456 3509 1497 3572 et
1527 3491 1656 3601 prima
1673 3490 1747 3573 AB
1767 3489 1816 3571 ad
1844 3492 1998 3575 tertiam
2022 3495 2116 3591 BD,

713 3642 722 3662 ·
805 3715 810 3722 ⁸
837 3637 882 3699 ut
900 3611 1199 3725 quadratum-ex
1217 3615 1373 3697 summa
1391 3613 1453 3701 vel
1479 3612 1701 3695 differentia
1725 3615 1861 3724 primae
1880 3617 1953 3695 AB
1980 3636 2022 3698 et
2050 3618 2115 3698 sc-

835 3739 976 3820 cundae
991 3739 1066 3819 AE
1088 3739 1137 3818 ad
1156 3737 1391 3848 quadratum
1411 3764 1461 3818 ex
1481 3736 1635 3818 summa
1649 3736 1710 3817 vel
1729 3735 1953 3819 differentia
1972 3741 2116 3822 secun·

835 3864 894 3944 dae
909 3865 982 3944 ΑΕ
1002 3879 1042 3942 et
1061 3861 1184 3943 tertiae
1201 3862 1298 3953 BDr
1317 3860 1408 3941 dico
1423 3859 1632 3941 secundam
1649 3859 1723 3938 AB
1736 3858 1815 3940 effe
1823 3861 1994 3943 mediam
2015 3891 2116 3974 pro·

835 3985 1098 4096 portionalem
1118 3984 1219 4065 inter
1233 3984 1323 4080 AB,
1342 3984 1432 4079 BD,
1454 3984 1574 4063 modo
1594 3981 1670 4063 fint
1688 3982 1775 4076 AB,
1792 3983 1868 4064 BD
1884 3983 2115 4095 inaequales.

839 4172 946 4246 INT
963 4171 1060 4245 enim
1078 4172 1183 4244 rerrae
1200 4170 1280 4256 AB,
1295 4167 1378 4254 ΑΕ,
1405 4168 1470 4241 BD
1490 4169 1526 4242 in
1552 4167 1728 4244 directum
1747 4166 1811 4243 fibi
1828 4168 1996 4260 invicem,
2025 4191 2063 4246 et
2088 4200 2112 4249 a

800 4302 806 4310 ”
857 4287 1034 4389 ρυηᾶοΒ
1058 4286 1210 4360 ducatur
1232 4285 1326 4360 reda
1343 4284 1403 4358 BF
1420 4283 1485 4382 ipsi
1502 4287 1576 4360 AD
1594 4282 1903 4385 perpendicularis.
1942 4284 1997 4359 Sit
2011 4288 2113 4367 redta

767 4404 829 4476 ΕΒ
846 4403 993 4501 aequalis
1021 4400 1169 4480 surnnue
1185 4398 1246 4474 vel
1267 4397 1478 4472 differentiae
1505 4400 1682 4475 redarum
1698 4399 1779 4486 AB,
1791 4397 1886 4488 AB,
1911 4398 2005 4472 recu
2020 4422 2111 4477 vero

766 4515 826 4588 BF
842 4515 988 4613 aequalis
1016 4513 1168 4589 summae
1183 4513 1244 4589 vei
1259 4510 1472 4588 differentiae
1494 4515 1669 4590 redarum
1687 4514 1768 4601 EA,
1781 4513 1859 4588 BD.
1898 4511 2013 4587 Recta
2027 4516 2109 4588 AD

385 4677 393 4693 .
498 4647 500 4653 ¹
626 4720 630 4726 ε
766 4648 936 4726 tanquam
956 4627 1131 4704 dianetro
1146 4626 1361 4723 describatur
1383 4626 1537 4704 circulus
1562 4649 1600 4706 et
1625 4629 1720 4706 secet
1741 4627 1875 4703 restam
1891 4627 1952 4702 BF
1967 4628 2028 4702 rel
2043 4630 2109 4705 BF

654 4745 661 4759 “
765 4743 976 4840 productam
991 4744 1028 4818 in
1044 4744 1179 4844 pundo
1196 4744 1241 4819 C.
1283 4745 1334 4818 Et
1345 4742 1516 4842 quoniam
1527 4766 1569 4821 ut
1583 4745 1797 4847 quadratum
1808 4761 1854 4817 ex
1865 4741 1929 4817 ΕΒ
1946 4740 1993 4817 ad
2009 4767 2107 4843 qua-

763 4859 905 4936 dratum
921 4883 964 4935 ex
986 4859 1059 4951 FB,
1077 4860 1127 4937 ita
1143 4861 1209 4938 AB
1233 4859 1278 4939 ad
1301 4858 1381 4950 BD,
1397 4858 1475 4964 ‚hoc
1489 4859 1552 4952 est,
1567 4857 1785 4961 quadratum
1804 4879 1849 4932 ex
1865 4856 1933 4935 AB
1949 4854 2108 5047 adquua·

1242 5045 1244 5050 ,
2021 4989 2107 5051 tum
