5184 6600
862 924 1033 1087 Caput
1075 925 1385 1080 Secundum.
1521 999 1523 1002 ·
1638 974 1674 1093 3
1681 972 1756 1099 35

415 1171 675 1286 equidisbute
692 1170 851 1267 circulo,
880 1188 951 1285 per
968 1203 1087 1287 quem
1104 1177 1228 1263 fertur
1244 1184 1346 1266 reeta
1360 1182 1600 1295 superficiem
1618 1187 1759 1272 descri-
1802 1204 1936 1316 *²353*-

415 1315 524 1408 bens,
552 1312 711 1425 planum
729 1314 836 1423 quod
854 1314 1058 1427 superficie
1076 1305 1332 1421 concluditur,
1361 1325 1550 1409 circulum
1569 1325 1642 1409 effe
1664 1354 1760 1410 cen·
1853 1419 1858 1429 ,

414 1474 521 1536 trum
539 1455 580 1535 in
595 1481 666 1540 axe
686 1450 918 1551 habentem,
948 1453 1115 1566 figuram
1130 1486 1220 1543 vero
1237 1468 1460 1547 contentam
1475 1466 1634 1562 circulo,
1662 1485 1702 1549 et
1717 1466 1762 1549 et
1782 1463 1784 1468 ’

416 1612 522 1705 parte
540 1592 752 1705 superficiei
769 1596 913 1679 conicae
931 1624 1016 1706 quae
1035 1599 1133 1680 inter
1156 1598 1284 1685 secans
1313 1606 1476 1717 planum
1506 1626 1546 1690 et
1575 1583 1761 1691 verticem

415 1734 655 1843 interjicitur,
676 1759 825 1817 ,conum
843 1733 932 1814 effe.

470 1872 612 1953 Probat
628 1870 782 1982 insuper
795 1873 1025 1982 Apollonius
1043 1876 1222 1965 sectiones
1244 1909 1330 1991 quae
1349 1884 1531 1967 Parabola
1544 1904 1583 1967 et
1600 1886 1760 1999 Hyper-

415 2010 503 2092 bola
516 2013 776 2105 nominantur,
796 2009 872 2093 und
885 2039 979 2095 curn
997 2015 1080 2125 ipso
1093 2047 1193 2102 cono
1207 2024 1246 2103 in
1261 2021 1460 2107 infinitum
1473 2022 1575 2135 posse
1589 2028 1764 2120 extendi,

414 2168 455 2231 et
484 2152 630 2230 redum
659 2149 801 2231 lineam
832 2179 918 2261 quae
947 2153 1025 2243 duo
1052 2159 1195 2265 quaevis
1226 2166 1370 2272 puncta
1402 2165 1444 2245 in
1473 2164 1634 2247 senione
1663 2192 1761 2247 con·
1934 2195 1936 2203 '

407 2290 554 2399 jungit,
583 2289 682 2370 intra
708 2288 912 2373 sectionem
942 2292 1103 2389 cadere3
1142 2296 1169 2375 fi
1200 2298 1446 2406 producatur,
1484 2320 1590 2383 extra
1622 2302 1767 2382 sedtioae

413 2434 505 2511 nem
541 2430 701 2510 omnino
735 2419 833 2510 esse.¹
881 2430 1062 2512 Proxime
1093 2432 1259 2515 ostendit
1296 2435 1492 2543 quomodo
1529 2434 1769 2521 conficienda

413 2570 463 2653 srt
490 2570 532 2650 in
553 2596 653 2650 cono
678 2568 829 2650 scaleno
853 2569 968 2649 seruo
982 2569 1281 2680 ſstbcontrarrir3
1313 2589 1400 2653 turn
1419 2589 1458 2652 et
1475 2569 1572 2655 sslud
1592 2598 1768 2685 quoque,

414 2710 618 2791 sectionem
636 2736 722 2820 quae
740 2735 887 2790 conum
909 2710 1048 2805 ambit,
1079 2710 1108 2789 fi
1136 2735 1260 2817 neque
1287 2709 1546 2791 subcontraria
1572 2738 1644 2792 nec
1672 2712 1768 2795 coni

413 2849 492 2931 bnfi
528 2848 707 2965 parallela
744 2849 807 2941 fit,
846 2848 1036 2930 circtdum
1072 2874 1150 2927 non
1186 2846 1271 2927 esse.
1332 2849 1387 2928 Et
1422 2847 1565 2929 horum
1603 2850 1762 2960 quidem

416 2988 698 3071 theorematum
716 2986 1052 3086 demonstrationes
1084 2981 1195 3094 ipsas,
1228 2985 1416 3094 quoniam
1429 3004 1469 3068 et
1484 2986 1529 3067 iis
1548 2989 1762 3074 consimiles

414 3128 489 3208 fint
507 3155 593 3238 quae
611 3124 726 3208 hodie
739 3124 979 3237 usurpantur,
998 3123 1124 3207 missae
1143 3124 1332 3219 facimus5
1355 3149 1548 3207 enxrnM
1565 3122 1770 3239 Apollonia

413 3268 713 3380 propositionem
731 3283 771 3348 et
792 3291 1046 3348 rnrrrunnr
1066 3265 1230 3350 nonita.
1268 3266 1375 3348 Cum
1389 3263 1450 3346 hae
1463 3265 1566 3347 enim
1581 3287 1768 3376 utquam
1794 3376 1797 3378 q

414 3411 583 3506 maxime
602 3408 647 3490 iis
672 3381 874 3491 inserviant
898 3435 984 3518 quae
1013 3407 1060 3487 de
1086 3405 1298 3487 sectionum
1316 3402 1589 3493 affectionibus,
1601 3404 1769 3487 subinde·

415 3550 545 3643 tradit,
566 3550 593 3629 fi
614 3549 700 3657 quia
717 3566 839 3631 totam
850 3547 1047 3660 Apollonii
1064 3543 1291 3628 methodum
1312 3543 1556 3654 introspicere
1575 3544 1680 3638 velit,
1700 3545 1765 3627 ille

416 3717 574 3799 quoque
593 3706 638 3768 ut
657 3687 698 3768 in
720 3687 829 3768 hisce
852 3685 1172 3809 proposrtionibus
1198 3683 1439 3776 immoretur,
1467 3683 1570 3764 etad
1592 3704 1764 3792 unguem
1922 3695 1926 3700 ’

414 3858 476 3933 eas
497 3826 683 3933 intelligat
703 3826 867 3925 omnino
880 3822 1022 3903 necesse
1037 3821 1107 3902 est.
1147 3822 1294 3898 Earum
1314 3834 1516 3925 utramque
1534 3821 1652 3927 igitur
1665 3848 1769 3903 con·

410 3966 580 4078 junctim
596 3981 635 4044 et
653 3963 701 4043 ad
715 3947 914 4072 Apollonii
930 3978 1102 4041 mentem
1119 3957 1172 4038 ita
1186 3958 1376 4067 explicare
1394 3958 1507 4038 licet.¹

476 4112 632 4188 secetur
650 4126 771 4182 conur
791 4101 902 4180 ΑΒΕ
921 4099 1036 4211 plano
1054 4082 1122 4209 per
1140 4124 1267 4190 axem,
1296 4114 1336 4177 et
1354 4094 1762 4183 communem-sediu-
1819 4089 1896 4157 ΨΜ·
1914 4109 1955 4235 {¹
2094 4209 2103 4227 ἱ

411 4275 507 4358 ,ηοω
535 4242 653 4339 ,faciat
678 4240 913 4348 triangulum
932 4238 1061 4330 Aue,
1088 4237 1198 4344 cujus
1229 4234 1443 4318 interfectio
1472 4265 1566 4319 curn
1599 4234 1684 4318 base
1717 4235 1764 4320 sit
1915 4220 1954 4338 72

417 4389 517 4466 resta
537 4384 623 4463 BC.
653 4381 701 4460 In
720 4379 834 4489 plano
853 4378 949 4458 bafis
968 4378 1130 4459 ducatur
1148 4379 1249 4458 recta
1267 4379 1360 4491 DF,
1380 4378 1450 4488 ipfi
1466 4376 1541 4459 Bc
1556 4380 1763 4488 perpendi-

411 4494 571 4614 cularis,
601 4517 806 4619 etsecetur
823 4544 942 4598 conus
962 4515 1077 4625 plano
1095 4517 1244 4598 secante
1261 4515 1421 4626 planum
1439 4516 1537 4597 basra
1556 4516 1765 4600 secundum

282 4673 284 4675 ’
417 4664 562 4748 retiam
599 4660 692 4751 DF,
726 4677 767 4739 et
799 4657 913 4739 saciat
950 4656 1155 4737 sectionem
1192 4655 1232 4735 in
1269 4650 1467 4765 superficie
1498 4657 1594 4737 coni
1622 4644 1764 4739 lineam

421 4800 567 4884 GEH.
624 4799 861 4882 Communis
885 4815 1018 4884 autern
1050 4793 1164 4879 fertio
1187 4792 1291 4908 plani
1322 4794 1482 4880 secantis
1513 4814 1558 4882 et
1582 4794 1766 4904 trianguli

1653 4933 1773 5015 ABG
