5184 6600
823 939 884 1123 3
893 939 972 1126 34
1030 973 1128 1089 De
1152 963 1441 1088 Sel'lionum
1472 969 1524 1084 C
1516 964 1781 1085 onicarum
1808 961 2104 1115 DolJrina,

676 1247 804 1350 ⁴233*
845 1224 931 1319 sese,
959 1243 999 1308 et
1018 1227 1154 1314 circuli
1172 1227 1490 1313 circumferentiae
1507 1251 1704 1307 occurrere
1723 1223 1876 1336 possint,
1906 1240 1946 1304 et
1971 1226 2094 1307 multa
2124 1196 2201 1306 alia
2253 1284 2255 1287 -

766 1333 774 1349 ’
841 1365 893 1454 ad
916 1366 1127 1474 pleniorem
1155 1368 1381 1462 doctrinam,
1411 1397 1578 1483 quorum
1608 1364 1705 1446 nihil
1735 1365 1783 1444 ab
1814 1365 1875 1457 iis,
1906 1366 1976 1473 qui
2004 1387 2092 1447 ante
2125 1394 2197 1447 nos

841 1504 1015 1608 fuerunt,
1044 1510 1238 1592 memoriae
1263 1508 1459 1618 proditum
1488 1508 1573 1602 est3
1602 1509 1698 1586 item
1728 1506 1815 1586 coni
1845 1506 1972 1597 sectio,
2004 1526 2043 1588 et
2061 1507 2198 1590 circuli

846 1645 1166 1739 circumferentia,
1193 1665 1231 1726 et
1257 1649 1440 1757 oppositae
1467 1647 1648 1733 sectiones
1673 1643 1722 1724 ad
1740 1660 1836 1753 quot
1854 1649 1997 1753 puutla
2015 1648 2200 1756 oppofitis

844 1783 1069 1870 sectionibus
1087 1805 1304 1874 occurrant.
1356 1787 1514 1900 Reliqui
1532 1801 1661 1865 autern
1681 1801 1846 1892 quatuor
1872 1783 1961 1866 libri
1991 1786 2038 1864 ad
2065 1785 2194 1867 abun·

826 1926 1055 2015 'dandorem
1063 1926 1268 2015 scientiam
1289 1928 1493 2037 pertinent.
1540 1925 1699 2044 Etepirn
1718 1922 1880 2031 Qr'ntus
1899 1925 1947 2006 de
1967 1927 2137 2007 minimis
2153 1943 2195 2008 et

833 2055 1021 2154 'maxirnis
1041 2093 1182 2173 magna
1199 2094 1247 2145 ex
1265 2083 1373 2173 parte
1392 2065 1499 2173 agit;
1531 2063 1667 2143 Sextus
1694 2061 1742 2141 de
1772 2064 1997 2171 aequalibus,
2025 2083 2065 2145 et
2084 2065 2192 2146 limi-

838 2203 942 2292 libus
962 2207 1051 2285 coni
1068 2205 1327 2286 sectionibus:
1358 2203 1544 2315 Septimus
1570 2202 1743 2282 continet
1765 2200 2000 2288 theoremata
2018 2234 2105 2315 quae
2121 2207 2193 2287 de‘-

753 2332 758 2339 ’
832 2328 1070 2423 'terminandi
1100 2346 1183 2431 vim
1213 2343 1391 2438 habent,
1430 2343 1600 2424 ortanus
1629 2340 1867 2451 problemata
1897 2349 2031 2427 conica
2061 2348 2190 2428 deter-

836 2481 1748 2570 minata?1

831 2608 834 2615 ¹
897 2623 988 2714 Post
1019 2621 1218 2740 epistulam
1242 2622 1491 2732 Definitiones
1522 2623 1650 2705 statim
1680 2616 1799 2738 ponitx
1821 2623 2063 2734 Apollonius,
2093 2651 2189 2733 quaa

835 2783 880 2844 ,et
892 2762 1040 2873 priinas
1063 2761 1232 2876 appellat
1252 2755 1339 2872 (ipra
1356 2756 1510 2880 agriter)
1541 2791 1589 2844 ex
1618 2761 1772 2869 quibus,
1802 2790 1888 2869 quae
1906 2762 1955 2842 ad
1973 2760 2188 2877 superficies

831 2880 989 2991 'eunicae
1008 2919 1048 2982 et
1066 2929 1213 2989 conum
1242 2901 1448 3018 pertinent,
1476 2896 1555 2981 fere
1582 2898 1772 3008 ipsrffirnae
1800 2898 1901 2991 sunt,
1934 2926 2021 3007 quae
2050 2899 2187 2986 nostris

829 3026 953 3133 'etiarn
971 3040 1208 3152 temporibus
1226 3067 1249 3118 a
1267 3036 1557 3119 Mathematicis
1574 3035 1807 3120 adhibentur
1813 3075 1826 3131 ς
1855 3066 1943 3148 quae
1959 3034 2183 3148 sequuntur,

834 3178 882 3258 de
900 3177 1010 3259 lineis
1028 3180 1155 3260 curvis
1175 3178 1215 3258 in
1234 3175 1450 3257 universum
1468 3197 1602 3288 agunt,
1621 3205 1831 3289 earumque
1846 3178 2057 3272 diametris,
2077 3180 2183 3261 lineis

829 3317 1037 3400 ordinatim
1055 3317 1269 3430 applicatis,
1296 3333 1336 3396 et
1353 3319 1502 3400 axibus.
1551 3316 1642 3400 Post
1657 3316 1741 3399 haec
1759 3319 1806 3399 de
1818 3319 2018 3428 primaria
2036 3321 2182 3405 Sestio·

831 3485 930 3551 num
958 3455 1209 3575 ffdionibus
1236 3455 1423 3572 loquitur,
1450 3456 1515 3539 sed
1532 3454 1632 3545 nihil
1650 3456 1779 3546 statim
1797 3478 1839 3540 et
1857 3459 1926 3547 sub
1945 3459 2071 3568 ipsum
2085 3490 2183 3579 ope-

834 3598 883 3686 ris
902 3597 1072 3682 initium.
1120 3594 1250 3676 Multa
1278 3594 1421 3674 interea
1448 3596 1552 3703 quali
1576 3595 1750 3716 praeludii
1776 3595 1877 3691 leco,
1906 3613 1947 3680 et
1963 3597 2013 3682 ad
2032 3626 2181 3702 eorum,

831 3762 919 3857 quae
936 3734 1113 3858 deinceps
1132 3732 1345 3825 ostensurus
1370 3732 1440 3838 est,
1467 3733 1835 3825 demonstrationem
1864 3736 2024 3825 omnino
2052 3743 2181 3821 neces·

700 3865 702 3867 ’
830 3875 942 3968 ¹saria,
986 3876 1028 3966 in
1064 3874 1239 3955 medium
1275 3871 1418 3967 affert:
1459 3891 1576 3995 prout
1608 3877 1730 3957 restas
1766 3875 1885 3957 lineas
1922 3905 2009 3987 quae
2035 3905 2060 3959 a
2089 3907 2177 3962 ver·

830 4013 906 4110 tice
925 4011 1136 4133 superficiei
1154 4013 1310 4107 conica,
1338 4013 1388 4093 ad
1405 4017 1548 4124 punCla
1566 4041 1654 4128 quae
1676 4017 1718 4096 in
1744 4015 1944 4136 superficie
1974 4017 2075 4111 sunt,
2103 4020 2178 4101 du·

828 4168 988 4261 cuntur,
1016 4153 1058 4241 in
1081 4150 1160 4270 ipsa
1183 4150 1382 4263 superficie
1406 4150 1480 4234 elle
1494 4154 1599 4235 :-fi
1618 4155 1659 4235 in
1676 4152 1857 4242 alterutra
1874 4153 2178 4265 superficierum,

826 4316 915 4415 quae
942 4290 1029 4383 sunt
1057 4290 1107 4371 ad
1136 4290 1335 4388 verticem,
1363 4290 1442 4379 duo
1465 4294 1609 4401 puncta
1628 4292 1839 4389 sumantur,
1868 4313 1909 4376 et
1929 4324 2015 4405 quae
2035 4302 2178 4406 puncta

829 4432 1029 4542 conjungit
1057 4434 1158 4521 retu
1181 4430 1228 4525 ad
1247 4433 1433 4521 verticem
1451 4460 1529 4514 non
1547 4435 1856 4552 vergit,reltam
1884 4436 1983 4516 intra
2014 4434 2178 4547 superfi-

827 4547 928 4656 ciern
940 4541 1085 4676 cadere,
1105 4554 1292 4683 quatere
1308 4572 1365 4658 est
1381 4573 1422 4661 ‚in
1439 4572 1628 4658 ducatum
1648 4576 1732 4688 ipfi,
1750 4604 1835 4657 eam
1855 4574 1986 4657 cadere
2003 4594 2176 4659 extra-

827 4710 855 4799 fi
874 4734 993 4791 conus
1004 4710 1119 4821 plano
1131 4738 1199 4820 per
1209 4712 1389 4794 verticem
1400 4710 1559 4807 secetur,
1576 4712 1779 4800 sectionem
1790 4709 2024 4825 triangulum
2035 4714 2175 4798 effe-

825 4850 855 4945 li
875 4848 1054 4946 alterutra
1070 4848 1372 4970 superficierum,
1398 4877 1486 4968 quae
1501 4850 1591 4951 lunt
1606 4855 1654 4935 ad
1671 4858 1869 4960 verticem,
1897 4853 2014 4966 plano
2031 4854 2178 4939 secetur

1910 4992 2175 5107 aquidlltante
