5184 6600
981 1022 1095 1143 De·
1121 988 1341 1184 Ellipst,
1383 1075 1385 1079 ·

952 1313 1369 1397 Pnoa1u›

383 1490 388 1495 ,
488 1524 527 1607 Si
547 1522 736 1604 diameter
761 1519 940 1634 ellipseos
966 1520 1149 1605 bifariam
1179 1520 1281 1602 secet
1300 1522 1446 1601 retiam
1470 1542 1550 1598 non
1572 1514 1732 1597 dudam
1751 1541 1821 1626 per

546 1664 743 1741 centrum,
774 1645 955 1727 bifariam
983 1646 1129 1728 secabit
1147 1672 1286 1728 omnes
1315 1646 1437 1726 retias
1455 1638 1575 1724 curvi
1592 1640 1819 1722 terminatas
1922 1654 1930 1661 “

547 1789 588 1850 et
609 1770 673 1850 isti
692 1772 804 1896 reeta
821 1768 1039 1880 parallelas.

486 1968 601 2136 Str
621 1970 685 2043 ut
703 1969 876 2043 diameter
891 1968 1219 2069 etupreosssuot,
1245 1965 1461 2043 etbrfartam
1477 1966 1569 2040 secet
1586 1966 1622 2039 tn
1638 1964 1822 2063 punctos
1850 1983 1927 2044 no.
1950 2001 1977 2059 s·

568 2086 702 2157 tetiam
718 2086 787 2159 EG
804 2110 876 2159 non
891 2086 1036 2159 dustam
1051 2109 1116 2181 per
1132 2103 1294 2157 centrum
1308 2087 1353 2169 C,
1371 2100 1407 2155 et
1423 2097 1585 2156 occurrat
1602 2078 1638 2153 in
1652 2080 1785 2177 pundo
1804 2080 1820 2152 I

488 2199 600 2273 cuivis
613 2202 720 2273 restae
738 2202 828 2287 HK,
855 2224 937 2298 quae
957 2199 1124 2298 parallela
1145 2198 1195 2271 est
1210 2199 1315 2271 reuae
1335 2197 1403 2271 EG
1420 2215 1458 2271 et
1480 2194 1634 2270 occurrit
1649 2217 1767 2267 curvae
1786 2194 1823 2266 in

487 2316 543 2402 H,
556 2315 612 2397 K,
638 2316 732 2387 resta
749 2315 827 2387 ΗΚ
844 2312 1009 2386 bifariam
1024 2313 1158 2387 secatur
1175 2313 1211 2386 in
1228 2313 1364 2409 pundo
1382 2313 1412 2385 Ι.
1673 2399 1674 2402 ¹

534 2429 634 2501 Nam
651 2427 675 2501 sr
691 2428 786 2500 resta
803 2427 881 2501 HK
906 2452 979 2501 non
1004 2425 1167 2501 bifariam
1189 2425 1323 2499 secatur
1340 2424 1376 2497 in
1395 2426 1425 2511 I,
1451 2418 1614 2497 bifariam
1632 2421 1768 2496 secetur
1786 2422 1821 2495 in

488 2542 622 2639 pundto
639 2543 675 2627 S,
702 2561 738 2613 et
761 2540 912 2614 ducatur
935 2540 1029 2613 resta
1042 2540 1077 2612 F
1078 2542 1123 2625 S,
1149 2559 1185 2614 et
1201 2542 1303 2614 reda
1313 2541 1343 2611 F
1345 2541 1368 2611 S
1389 2538 1453 2612 erit
1468 2538 1640 2611 diameter
1658 2561 1722 2635 per
1738 2539 1822 2612 Cor.

488 2656 596 2752 Prop.
613 2680 653 2751 33
679 2671 715 2728 et
730 2654 879 2752 proinde
895 2656 1070 2752 punitum
1088 2655 1118 2725 F
1136 2672 1300 2728 centrum
1316 2652 1489 2752 ellipseos,
1509 2651 1823 2749 contrahypothe-
1937 2695 1941 2699 -

488 2767 551 2841 sm.
581 2768 690 2866 ‘Ergo
706 2769 879 2842 diameter
895 2767 1140 2871 BLubifariam
1155 2769 1248 2844 secat
1265 2769 1398 2841 restam
1415 2769 1507 2842 HK.
1557 2768 1606 2868 Q
1625 2769 1669 2841 E.
1686 2769 1735 2842 D.

536 2885 620 2958 Cor.
639 2883 669 2955 Ι.
695 2883 819 2956 Recta
833 2883 915 2970 BA,
929 2885 1010 2957 LM
1026 2882 1143 2955 duuae
1158 2906 1224 2981 per
1238 2882 1388 2955 vertices
1405 2883 1447 2967 Β,
1463 2882 1497 2954 L
1514 2880 1683 2954 diametri
1701 2882 1777 2966 BL,
1791 2901 1826 2954 et

490 2997 668 3095 parallclae
684 2997 855 3071 ordinatae
871 2997 956 3085 EG,
981 2996 1132 3096 ellipsrm
1150 2994 1359 3093 contingent
1375 3018 1439 3092 per
1455 2995 1545 3067 hanc
1559 2996 1668 3091 Prop.
1686 3012 1722 3066 et
1738 2996 1825 3068 Cor.

492 3132 527 3185 a.
545 3111 655 3208 Prop.
676 3134 735 3205 30.
753 3110 837 3184 Lib.
857 3133 889 3184 1.

541 3224 625 3298 Cor.
644 3224 694 3299 11.
721 3223 954 3298 Manentibus
971 3220 1051 3322 jam
1074 3221 1207 3321 pofitis,
1233 3221 1343 3322 siper
1360 3222 1534 3320 punctum
1566 3222 1719 3323 quodvis
1737 3224 1773 3295 R
1791 3222 1826 3295 in

491 3339 599 3414 curvi
623 3336 796 3436 ellipseos,
824 3338 924 3435 quod
948 3361 1020 3410 non
1044 3337 1094 3411 est
1116 3355 1241 3411 vertex
1267 3337 1432 3421 diametri
1457 3340 1536 3426 BL,
1561 3338 1712 3412 ducatur
1732 3339 1828 3411 resta

492 3449 780 3550 contingentibus
812 3451 893 3538 BA,
911 3452 993 3525 LM
1010 3452 1068 3526 vei
1086 3451 1257 3525 ordinatas
1272 3451 1343 3525 EG
1359 3452 1549 3549 parallela,
1564 3476 1682 3526 curvae
1700 3452 1828 3525 iterum

491 3584 654 3641 occurret
677 3585 714 3637 er
740 3561 900 3638 bifariam
926 3564 1098 3640 secabitur
1119 3590 1141 3638 a
1161 3563 1337 3641 diametro
1360 3567 1438 3654 BL,
1464 3584 1502 3643 et
1517 3566 1665 3663 proinde
1683 3566 1749 3639 erit
1766 3563 1829 3663 ipsr

491 3678 557 3752 BL
574 3679 743 3752 ordinata

543 3793 627 3865 Cor.
646 3791 714 3863 111.
741 3790 780 3864 Si
797 3793 892 3866 tetta
903 3792 972 3864 BA
989 3793 1173 3889 contingat
1189 3791 1341 3890 ellipsim
1354 3793 1390 3867 in
1409 3797 1452 3885 B,
1465 3793 1534 3869 erit
1550 3793 1717 3894 parallela
1729 3791 1827 3868 ordi·

495 3905 584 3981 natis
601 3905 764 3979 diametri
782 3905 859 3995 BL,
882 3927 948 4002 per
959 3905 1033 3979 Cor
1053 3930 1083 3980 1.
1102 3907 1259 4004 etProp.
1279 3911 1313 3980 8.
1336 3932 1369 3982 1.

986 4132 1232 4213 PROP.
1290 4132 1344 4218 V.

497 4335 537 4418 si
562 4336 605 4414 in
624 4333 750 4445 ellipst
769 4335 855 4415 duae
880 4337 1007 4430 resta,
1038 4361 1118 4415 non
1138 4337 1262 4416 dueta
1282 4364 1352 4446 per
1371 4357 1569 4434 centrum,
1590 4338 1831 4420 seinvicem

552 4459 697 4551 secent,
726 4457 801 4539 sese
820 4454 1004 4539 bifariam
1024 4485 1101 4539 non
1123 4460 1321 4541 secabunt.

499 4659 650 4837 SINT
669 4657 706 4732 in
723 4658 835 4757 ellipfi
851 4659 950 4734 ΑΒΕ
964 4660 1044 4734 duae
1055 4661 1160 4734 rectae
1174 4663 1259 4750 Ac,
1271 4662 1353 4747 DF,
1370 4685 1440 4736 non
1452 4662 1568 4737 duuae
1579 4689 1644 4764 per
1657 4685 1832 4754 centrum,
1861 4680 1937 4750 1²10.
1951 4677 1982 4736 6,

580 4794 616 4847 et
632 4773 833 4848 seinvicem
850 4772 1005 4849 secantes
1023 4776 1058 4850 in
1076 4779 1210 4874 pundo
1226 4780 1257 4853 E
1267 4812 1279 4864 ;
1306 4777 1373 4851 sese
1391 4776 1553 4855 bifariam
1572 4808 1641 4856 non
1655 4783 1831 4857 secabunt.

548 4889 587 4961 Si
609 4889 705 4962 enim
725 4889 800 4962 fieri
818 4889 944 4987 potest,
969 4890 1087 4966 secent
1103 4890 1137 4964 fc
1155 4890 1331 4982 bifariam,
1358 4912 1393 4965 et
1409 4895 1558 4967 transeat
1581 4920 1644 4992 per
1660 4897 1833 4994 punitum

497 5002 530 5076 E
545 5002 717 5079 diameter
726 5005 806 5080 BR.
849 5007 918 5083 Per
929 5005 1104 5083 verticem
1117 5009 1146 5078 B
1162 5009 1337 5084 ducantur
1347 5009 1428 5083 duae
1442 5010 1546 5084 recta
1558 5011 1642 5097 BH,
1655 5012 1717 5084 BG
1730 5010 1835 5082 rectis

471 5132 473 5135 ·
1115 5121 1200 5195 La
1752 5126 1835 5214 AC,
