5184 6600
692 1002 734 1054 ·'
830 1011 835 1020 ’
844 1024 962 1138 342
1023 986 1120 1099 De
1149 981 1439 1098 sationum
1469 988 1520 1097 C
1512 979 1775 1098 amicarum
1802 980 2107 1133 Datum,

660 1250 798 1372 um·
841 1241 1011 1346 quimus,
1032 1241 1220 1348 perspexit
1231 1241 1535 1332 Mvnonorus,
1554 1241 1677 1320 multa
1695 1240 1823 1321 secum
1841 1240 1888 1319 de
1905 1242 2060 1321 Conicis
2075 1243 2184 1351 cogi-
2218 1218 2220 1220 .

773 1356 780 1371 ’
840 1398 938 1471 tans,
968 1400 1054 1458 tum
1074 1400 1113 1458 et
1131 1375 1226 1459 illud
1244 1381 1446 1489 praecipue,
1476 1380 1642 1488 quanam
1661 1381 1900 1487 potissimum
1918 1384 2034 1488 operti
2053 1383 2185 1490 poste-

840 1522 955 1599 riores
975 1540 1138 1627 quatuor
1158 1519 1355 1628 Apollonii
1373 1518 1502 1610 libret,
1533 1522 1601 1626 qui
1633 1535 1725 1599 tunc
1755 1522 1939 1628 tempatis
1959 1550 2029 1628 pro
2046 1523 2184 1632 deper-

839 1662 929 1743 ditis
949 1662 1071 1742 habiti
1089 1683 1207 1755 erant,
1228 1680 1349 1740 marte
1368 1661 1434 1739 suo
1452 1660 1677 1739 restitueret.
1716 1660 1942 1738 Prodierunt
1957 1662 2086 1769 itaque
2098 1666 2185 1743 Lu-

843 1805 944 1881 tetiae
958 1804 1185 1883 Parisiorum
1202 1778 1302 1882 anno
1328 1805 1445 1911 1631.
1466 1801 1544 1880 duo
1556 1799 1753 1907 Mydorgii
1770 1800 1817 1878 de
1830 1800 2115 1903 'Conicisrlibri
2139 1825 2182 1884 ut

841 1960 881 2020 et
901 1945 1039 2021 iterum
1058 1971 1150 2022 cum
1164 1942 1313 2022 duobus
1328 1942 1451 2020 alteris
1467 1939 1600 2025 itidem
1620 1941 1738 2048 1641,
1759 1938 1875 2018 titulo
1887 1941 1956 2047 qui
1971 1939 2184 2053 subjicitur,

843 2079 1021 2187 insigniti.

905 2218 1110 2298 “Claudii
1140 2220 1403 2299 Mvoouort
1435 2214 1589 2295 Patricii
1620 2215 1776 2296 Parisini
1805 2213 2006 2297 Prodrami
2037 2219 2186 2329 Catop·

843 2357 1028 2435 tricorum
1048 2376 1089 2434 et
1114 2360 1435 2466 Dioptricorum:
1466 2357 1541 2434 five
1568 2356 1806 2437 Conicorum
1833 2358 1974 2464 Operis
1993 2358 2041 2436 ad
2059 2351 2188 2439 abdita

845 2497 959 2574 Radii
973 2495 1122 2575 Reflexi
1140 2515 1178 2575 et
1192 2493 1360 2575 Refracli
1379 2494 1552 2599 mysteria
1570 2495 1701 2602 praevii
1712 2512 1751 2574 et
1770 2492 1896 2579 facem
1915 2489 2187 2622 praeferen'tis.''

900 2633 1147 2740 Mydorgius,
1186 2653 1231 2712 ut
1273 2633 1437 2722 videtur,
1481 2634 1604 2712 immo
1640 2650 1686 2712 ut
1715 2661 1764 2712 ex
1796 2634 1870 2712 suis
1903 2634 2017 2741 ipfius
2060 2635 2189 2716 verbis

844 2771 1005 2861 constat,
1034 2769 1173 2849 Libros
1192 2773 1267 2851 otia
1286 2771 1332 2849 de
1353 2769 1508 2848 Conicis
1523 2769 1634 2855 edere
1654 2770 1831 2861 instituit,
1861 2796 1959 2878 quos
1984 2789 2115 2852 tamen
2140 2773 2190 2851 ad

846 2908 1089 2997 umbilicum,
1129 2906 1255 2995 nescio
1288 2906 1556 3013 quamobrem,
1594 2934 1794 3016 nunquam
1827 2909 2021 3016 perduxit.
2081 2909 2189 2990 Nam

845 3048 944 3126 ultra
963 3062 1124 3155 quatuor
1145 3045 1311 3123 Auctore
1330 3042 1411 3136 illo,
1440 3040 1537 3125 nihil
1555 3046 1665 3124 ullibi
1684 3047 1847 3155 reperire
1873 3048 2087 3156 potuimus,
2116 3076 2187 3129 ne-

847 3213 923 3294 que
943 3187 1109 3294 pluresa
1130 3181 1336 3263 Montucla
1360 3184 1567 3263 memorati
1594 3182 1740 3264 suntin
1765 3183 1829 3264 illa
1858 3212 1977 3293 quam
1995 3183 2043 3268 de
2077 3184 2191 3267 rebus

847 3322 1136 3406 Mathematicis
1155 3323 1352 3407 historiam
1369 3322 1530 3401 edidit*

904 3462 1099 3570 Praecipua
1112 3461 1165 3540 est
1184 3462 1301 3567 igitur
1316 3459 1513 3566 Mydorgii
1525 3458 1574 3539 ab
1591 3457 1797 3568 Apollonio
1810 3459 2070 3570 discrepantia,
2087 3462 2191 3572 quod

848 3602 888 3681 in
918 3602 1019 3679 Coni
1037 3600 1152 3710 ipstus
1167 3597 1492 3709 contemplatione
1512 3595 1647 3680 'multo
1672 3600 1823 3707 longius
1840 3601 2069 3682 immoretur
2087 3603 2187 3709 My·

847 3741 1014 3849 dorgius,
1033 3760 1073 3822 et
1091 3769 1147 3835 ea,
1182 3771 1266 3850 quae
1284 3742 1332 3822 ad
1352 3742 1509 3821 Conum
1529 3738 1733 3847 pertinent,
1753 3740 1917 3847 penitius
1937 3739 2188 3849 introspiciat.

849 3883 959 3960 Tum
979 3898 1111 3960 autem
1129 3879 1233 3972 licet,
1262 3880 1321 3959 uti
1345 3880 1447 3988 apud
1468 3877 1736 3987 Apollonium,
1765 3904 1902 3985 quase
1922 3876 2041 3958 Solidi
2058 3895 2191 3958 natura

849 4020 1068 4098 Sectionum
1081 4014 1296 4097 affectiones
1314 4015 1430 4109 elicit,
1451 4017 1498 4095 ad
1510 4013 1753 4127 principalem
1768 4014 1957 4124 potiffime
1971 4014 2190 4099 diametrum

849 4158 1032 4266 spectent,
1048 4154 1232 4238 methodo
1251 4175 1378 4238 tamen
1393 4158 1441 4237 ab
1460 4157 1515 4248 el,
1529 4182 1648 4265 quam
1662 4154 1888 4262 Apollonius
1908 4154 2077 4249 adhibet,
2090 4185 2190 4266 pau·

848 4296 960 4403 lisper
977 4293 1130 4388 diversa,
1160 4297 1337 4379 notitiam
1354 4323 1485 4375 earum
1512 4271 1640 4375 minus
1660 4288 1852 4405 negotiose
1875 4293 2004 4388 tradit,
2034 4296 2191 4378 undeet

839 4406 1060 4513 'Tironibus
1079 4435 1195 4514 etiam
1213 4437 1343 4514 omnia
1362 4434 1454 4514 facit
1472 4431 1667 4512 intellectu
1686 4430 1882 4511 facillima.

910 4572 1015 4649 Inter
1044 4599 1087 4649 ea
1117 4600 1203 4678 quae
1233 4561 1463 4681 excogitavit
1491 4572 1646 4665 interea,
1675 4568 1772 4650 nihil
1791 4590 1871 4651 tam
1891 4571 2080 4653 subtiliter
2096 4575 2189 4684 agit,

849 4733 969 4828 quam
988 4707 1064 4799 illa,
1094 4735 1260 4815 quorum
1276 4738 1349 4820 ope
1373 4710 1549 4798 diametri
1566 4708 1790 4831 principalis
1816 4711 2100 4818 segmentorum
2129 4742 2189 4795 ra·

1054 5081 1071 5113 ·
1092 5071 1168 5157 Vide
1182 5072 1304 5137 Histoire
1316 5038 1376 5139 Det
1391 5076 1644 5159 Mathematiques,
1663 5050 1754 5142 Tomi
1768 5078 1810 5140 11.
1831 5100 1861 5161 p.
1874 5079 1925 5154 61,
2073 5165 2083 5183 .

2054 5183 2192 5260 tiones,
