5184 6600
802 983 882 1099 74
1008 936 1294 1060 Sestionum
1322 863 1632 1057 Com'carmr
1673 938 1751 1055 'LI
1764 973 1813 1056 B.
1849 939 1928 1059 11.
2118 977 2122 986 ·

1242 1280 1274 1360 P
1306 1282 1347 1362 R
1378 1282 1417 1363 0
1448 1281 1505 1363 n
1553 1279 1690 1365 xxx,

521 1558 525 1566 ,
615 1522 691 1583 tro.
709 1542 758 1600 μ.
793 1505 835 1587 Si
855 1506 967 1587 rede
986 1500 1078 1594 ΑΒ,
1098 1500 1173 1584 ΕΒ
1192 1500 1417 1611 parabolam
1429 1499 1541 1581 ΑΒΕ
1555 1503 1829 1608 contingentes
1847 1498 1889 1580 iu
1906 1498 2062 1609 punctis
2077 1499 2134 1592 Α,

848 1630 888 1707 C
903 1627 972 1707 srbi
985 1624 1156 1705 invicem
1169 1642 1377 1705 occurrant
1390 1625 1431 1704 in
1447 1628 1594 1730 pundo
1606 1627 1658 1716 Β,
1671 1642 1714 1703 et
1728 1626 1918 1731 jungatur
1933 1620 2023 1714 ΑΕ,
2041 1622 2134 1702 dico

783 1824 786 1832 .
851 1752 1097 1857 segmentum
1116 1746 1385 1855 parabolicum
1405 1748 1514 1828 ΑΒΕ
1534 1747 1704 1856 duplum
1725 1748 1799 1826 effe
1813 1745 1946 1856 figurae
1963 1745 2132 1839 ΕΑΒΕ,

791 1947 793 1951 ,
849 1869 1136 1981 comprehense
1156 1872 1269 1951 rectis
1288 1869 1381 1962 ΑΒ,
1400 1870 1475 1950 ΕΒ
1490 1887 1537 1950 et
1555 1870 1675 1952 curvi
1694 1871 1822 1950 ABC.

857 2084 988 2161 Ienim
1017 2082 1239 2182 segmentum
1267 2083 1512 2182 parabolicum
1538 2084 1638 2158 ΑΒΕ
1668 2108 1740 2157 non
1764 2084 1818 2176 est
1837 2082 1985 2181 ‘tequaie
2015 2077 2132 2180 dupio

880 2202 1005 2298 sigurae
1022 2198 1169 2286 EABC,
1187 2197 1304 2297 primo
1322 2197 1363 2270 srt
1378 2196 1515 2296 majusr
1542 2218 1579 2272 et
1594 2199 1749 2271 excessus
1766 2195 1842 2295 ejus
1859 2197 1962 2296 supra
1974 2195 2129 2293 duplum

791 2313 927 2387 ΕΑΒΕ
954 2315 995 2388 stt
1028 2313 1179 2412 spatium
1204 2314 1254 2389 Ο.
1316 2314 1513 2409 Segrnento
1539 2310 1743 2410 parabolice
1772 2311 1981 2384 inscribatur
2015 2312 2131 2408 figura

640 2463 645 2469 ·’
791 2428 971 2504 rectilinea
987 2428 1153 2519 AluLC,
1179 2447 1221 2501 ut
1238 2427 1274 2500 in
1295 2428 1402 2524 Pron
1422 2429 1481 2501 28.
1509 2444 1545 2497 et
1561 2420 1772 2498 srtexcessus
1789 2422 2130 2523 segmenti‘parabo-

792 2542 853 2617 sici
870 2540 973 2641 supra
982 2543 1137 2639 figuram
1152 2542 1307 2616 AIBLC
1325 2542 1443 2614 rrrinor
1458 2536 1618 2639 sputioo
1628 2572 1640 2625 ς
1654 2537 1757 2635 quod
1769 2560 1833 2635 per
1851 2538 1961 2634 Prop.
1977 2539 2035 2610 28.¹
2052 2534 2129 2609 fieri

789 2656 916 2755 potest.
966 2656 1100 2754 Figura
1124 2655 1234 2753 igitur
1259 2654 1411 2729 AIBLC
1442 2650 1557 2751 major
1585 2652 1651 2727 erit
1679 2652 1793 2750 duplo
1826 2653 1951 2753 figurae
1979 2650 2128 2724 ΕΑΒΕ.

789 2770 937 2857 Rursus,
962 2795 1026 2868 per
1042 2771 1173 2868 punda
1189 2771 1219 2856 1,
1238 2770 1334 2856 B„L
1350 2770 1527 2841 ducantur
1550 2769 1801 2865 contingentes·
1820 2768 1919 2856 MN,
1936 2767 2019 2853 NP,
2037 2765 2129 2867 PQ

789 2883 853 2957 srbi
871 2882 1024 2955 invicem
1040 2899 1078 2954 et
1093 2880 1382 2978 contingentibus
1397 2878 1482 2967 ΑΕ,
1500 2881 1566 2955 ΕΒ
1584 2901 1809 2956 occurrentes
1827 2880 1863 2953 in
1881 2881 1940 2967 M,
1953 2882 2003 2968 N,
2015 2882 2059 2968 Ρ,
2072 2883 2130 2974 Q,

786 3015 829 3069 nt
843 2996 880 3067 in
899 2999 1002 3093 Prop.
1025 3016 1084 3092 29.
1135 2995 1239 3067 Tum
1262 2994 1376 3090 figura
1400 2993 1580 3079 rediliuea
1601 2995 1759 3071 AIBLC
1776 2995 1885 3092 dupla
1912 2995 1979 3069 erit
2001 2995 2130 3092 figurae

787 3110 978 3185 redilirreae
998 3109 1209 3216 EMNPQ
1245 3134 1309 3207 per
1338 3110 1449 3209 Prope
1478 3132 1546 3208 293
1582 3129 1617 3183 et
1641 3108 1793 3207 proinde
1820 3108 1974 3208 duplum
2001 3109 2128 3204 figure

786 3226 980 3314 EMNPQ
994 3220 1107 3324 majus
1125 3222 1238 3323 duplo
1254 3224 1379 3321 figurae
1392 3224 1540 3312 EABC,
1558 3222 1823 3323 mmpreirensae
1836 3224 1941 3298 rettis
1958 3223 2043 3310 ΑΒ,
2059 3221 2127 3298 Ec

785 3360 822 3412 et
845 3338 956 3437 curvi
977 3339 1089 3412 ΑΒΕ.
1140 3337 1239 3433 Ergo
1262 3339 1377 3433 figura
1405 3338 1739 3438 EMNPQmajor
1759 3339 1825 3414 erit
1841 3339 1956 3438 figura
1980 3341 2128 3430 EABC,

786 3453 888 3526 rems
904 3452 987 3538 ΕΑ,
1013 3451 1078 3525 EC
1096 3470 1132 3524 et
1147 3451 1258 3523 curvi
1272 3452 1371 3526 ΑΒΕ
1388 3451 1657 3550 comprehensi:
1684 3456 1784 3555 quod
1800 3455 1849 3530 est
1866 3454 2066 3531 absurdum.

715 3585 718 3589 ·
834 3566 1012 3655 Secundo,
1037 3564 1078 3639 srt
1092 3563 1314 3664 segmentum
1337 3566 1581 3664 parabolicum
1605 3566 1705 3641 ΑΒΕ
1723 3569 1840 3641 minus
1864 3567 1976 3667 duplo
1998 3569 2126 3668 tigurae

784 3679 933 3768 EABC,
958 3699 997 3755 et
1014 3680 1162 3780 proinde
1178 3680 1311 3755 ΕΑΒΕ
1329 3678 1443 3778 major
1462 3681 1614 3756 dimidio
1631 3682 1803 3780 segmenti
1823 3681 1934 3760 ABC.
1961 3749 1963 3754 .
1986 3686 2044 3760 Sit
2060 3711 2125 3762 ex·

785 3794 893 3867 ecffus
912 3794 1036 3890 figurae
1053 3793 1186 3870 EABC
1205 3793 1307 3892 supra
1323 3794 1513 3869 dimidium
1535 3795 1707 3893 segmenti
1730 3797 1828 3871 ΑΒΕ
1845 3799 1994 3898 aequalis
2011 3799 2124 3898 spatio

782 3912 840 3992 Or
885 3929 921 3981 et
956 3907 1142 4006 segmento
1172 3908 1380 4006 parabolice
1414 3909 1513 3983 ΑΒΕ
1549 3908 1758 3985 inscribatur
1791 3913 1906 4011 figura
1941 3915 2125 3990 redilinea

781 4023 949 4108 AIBLC,
988 4041 1024 4096 et
1050 4022 1356 4097 circumscribatur
1382 4022 1497 4124 figura
1528 4022 1748 4128 EMNPQ,
1783 4046 1826 4100 ut
1852 4028 1889 4101 in
1923 4031 2030 4129 Prop.
2060 4035 2122 4105 28.
2259 4008 2266 4019 χ

781 4133 914 4223 Ρστῑο,
930 4133 970 4207 srt
991 4136 1145 4209 excessus
1167 4137 1294 4234 figurae
1310 4137 1443 4216 EABC
1468 4129 1570 4236 supra
1592 4139 1918 4240 EMNt’Qmium
1935 4142 2047 4243 spatio
2061 4146 2122 4229 0,

781 4248 880 4348 quod
903 4274 968 4346 per
983 4249 1092 4348 Prop.
1125 4254 1186 4326 28.
1220 4249 1296 4326 fieri
1320 4248 1445 4349 potest.
1492 4252 1627 4349 Figura
1654 4254 1761 4352 igitur
1787 4256 2124 4360 EMNPQmajor

781 4360 847 4433 trit
871 4360 1021 4436 dimidio
1048 4361 1222 4460 segmenti
1248 4356 1363 4454 ABC,
1394 4388 1432 4440 et
1451 4368 1601 4467 proinde
1623 4371 1777 4468 duplum
1801 4372 1911 4471 ipsrus
1929 4373 2133 4476 EMNPQ

779 4472 891 4571 majus
908 4475 1088 4571 segmento
1103 4479 1308 4575 parabolico
1328 4478 1438 4557 ABC.
1470 4484 1540 4557 Sed
1558 4486 1671 4585 figure
1687 4488 1865 4561 rectilinea
1882 4489 2035 4563 AIBLC
2054 4490 2123 4563 du·

752 4590 836 4688 ‘pla
861 4589 910 4661 est
934 4588 1148 4695 EMNPQ
1173 4619 1238 4691 per
1264 4596 1367 4695 Prop.
1397 4618 1455 4693 29.
1507 4600 1605 4698 Ergo
1628 4603 1742 4700 figura
1759 4604 1937 4679 rectilinea
1963 4604 2120 4681 AIBLC

778 4702 891 4799 major
905 4703 953 4774 est
965 4702 1151 4803 segmento
1167 4707 1373 4804 parabolice
1384 4711 1484 4786 ABC
1493 4747 1504 4798 3
1522 4720 1620 4814 quod
1632 4719 1682 4791 est
1695 4718 1899 4794 absurdum.
1943 4722 2122 4816 Segrnen·

777 4818 857 4891 t‘um
881 4818 991 4914 igitur
1008 4820 1256 4918 parabolicum
1279 4821 1377 4897 ΑΒΕ
1395 4824 1548 4923 duplum
1567 4832 1615 4906 est
1634 4834 1760 4933 figurae
1774 4832 1923 4924 EABC,
1950 4855 2121 4931 compte·

775 4931 889 5008 hensae
904 4931 1008 5008 redis
1026 4930 1110 5023 AE,
1126 4935 1191 5012 Ec
1209 4955 1245 5010 et
1265 4933 1374 5012 curvi
1390 4939 1503 5017 ΑΒΕ.
1982 5044 2014 5120 c
2086 5042 2104 5119 I

2015 5067 2066 5119 or.
2107 5098 2120 5121 .
