5184 6600
772 915 892 1092 324
942 936 1040 1049 De
1066 928 1360 1048 Sesstonum
1387 924 1697 1047 cansarum
1723 929 2019 1077 Domina,

772 1208 812 1268 et
830 1188 1060 1268 diametrum
1077 1207 1121 1267 ut
1141 1186 1333 1295 segmenta
1350 1185 1525 1266 diametri
1542 1184 1641 1264 inter
1663 1184 1744 1292 ejus
1772 1189 1956 1267 verticem
1984 1206 2025 1268 et
2052 1187 2113 1268 se·-

774 1344 926 1406 cantem
945 1346 983 1405 et
1002 1329 1098 1405 inter
1116 1321 1196 1431 ejus
1216 1326 1398 1407 verticem
1415 1343 1454 1404 et
1474 1340 1711 1430 tangentem.

831 1467 1048 1547 Artificioso
1066 1467 1202 1546 deinde
1222 1483 1261 1543 et
1280 1492 1465 1574 perquam
1485 1463 1647 1572 eleganti
1667 1461 1948 1544 theorematum
1973 1463 2117 1545 horum
2207 1466 2209 1469 ’

774 1605 843 1687 usu
871 1605 964 1684 illud
991 1633 1145 1712 quoque
1173 1604 1338 1684 ostendit
1368 1603 1632 1694 Archimedes,
1662 1603 1901 1711 segmentum
1930 1603 2120 1712 parabolae

776 1744 958 1850 trianguli
982 1743 1091 1853 super
1117 1743 1277 1822 eandem
1304 1743 1425 1822 basam
1453 1760 1493 1822 et
1525 1742 1693 1848 ejusdem
1721 1742 1929 1823 altitudinis
1949 1743 2023 1822 esse
2044 1738 2124 1822 ses-⁸

775 1884 1015 1993 quitertium.
1814 1971 1821 1987 ‚

837 2024 928 2102 Nec
962 2041 1090 2100 tamen
1124 2021 1266 2100 interea
1297 2048 1484 2127 magnum
1518 2021 1628 2100 illum
1659 2019 1935 2100 Archimedem
1968 2017 2120 2116 fefelnt,

775 2158 1039 2266 hujuscemodi
1066 2160 1421 2240 demonstrationem
1446 2187 1468 2238 a
1491 2158 1682 2238 nonnullis
1707 2155 1855 2238 sortasse
1881 2158 2123 2267 repudiatam

777 2300 836 2390 iri,
866 2298 998 2378 saltem
1017 2299 1145 2411 minus
1164 2318 1364 2406 acceptam
1383 2297 1479 2392 sore,
1510 2298 1613 2405 quod
1634 2313 1715 2376 tota
1732 2325 1781 2377 ex
1807 2297 2003 2406 principiis
2032 2285 2122 2378 me·

777 2437 947 2518 chanicis
964 2436 1126 2545 pendere
1144 2438 1348 2517 videretur.
1396 2439 1530 2519 Aliam
1552 2437 1670 2544 igitur
1688 2437 1727 2515 in
1746 2433 1910 2514 eundem
1929 2434 2062 2530 finem,
2082 2458 2127 2518 et

777 2605 863 2658 eam
881 2579 1040 2671 omnino
1058 2578 1331 2684 geometricam
1352 2574 1480 2655 statim
1505 2576 1645 2669 tradit;
1675 2576 1785 2682 cujus
1814 2579 1933 2655 etiam
1963 2576 2124 2657 metho-

779 2717 872 2797 dum
890 2733 930 2797 et
948 2720 1135 2798 rationem
1149 2743 1196 2795 ex
1216 2713 1461 2822 sequentibus
1481 2715 1622 2794 Ledtor
1639 2713 1750 2793 facile
1776 2715 1989 2830 perspiciet,
2021 2743 2132 2824 quo-

623 2856 627 2863 ”
779 2858 895 2938 modo
914 2886 988 2966 ope
1007 2857 1193 2965 parabola
1212 2873 1252 2936 et
1268 2854 1452 2937 methodo
1481 2855 1791 2950 exhaustionum,
1822 2857 1880 2936 uti
1895 2853 2132 2963 appellatur,

779 2979 950 3060 consessa
971 2980 1041 3059 est.
1133 3009 1138 3018 ·

836 3121 893 3198 Sit
909 3117 1352 3228 segmentumparabolae
1369 3118 1506 3200 ABC.
1554 3116 1735 3203 Bisariam
1754 3118 1899 3200 secetur
1919 3121 2021 3198 resta
2041 3120 2134 3197 AC

779 3255 818 3335 in
840 3258 906 3349 G;
936 3261 1036 3336 reda
1050 3285 1141 3339 vero
1155 3259 1249 3337 AG
1263 3258 1303 3337 in
1319 3259 1381 3351 E;
1410 3276 1449 3338 et
1465 3285 1534 3368 per
1551 3264 1694 3368 puncta
1711 3261 1816 3354 G,E
1836 3257 2024 3338 ducantur
2041 3256 2136 3337 dia-

780 3396 894 3475 metri
925 3397 1021 3488 GB,
1043 3399 1142 3489 ED,
1171 3415 1211 3474 et
1231 3396 1396 3503 ipsarum
1413 3398 1572 3479 vertices
1590 3399 1664 3481 smt
1682 3403 1730 3492 Β,
1741 3381 1801 3479 l).
1848 3386 2142 3508 compleantur

781 3532 970 3639 triangula
998 3534 1133 3624 ABC,
1164 3536 1307 3624 ADB,
1337 3535 1494 3626 EBG;
1524 3538 1685 3619 ducatur
1712 3542 1813 3618 recta
1840 3540 1911 3619 DI
1945 3538 2015 3646 ipsi
2044 3540 2135 3617 AC

780 3667 968 3777 parallela,
997 3688 1036 3749 et
1055 3689 1228 3749 occurrat
1247 3672 1457 3753 rettaeBG
1477 3673 1516 3750 in
1536 3677 1582 3769 I;
1610 3694 1786 3755 occurrat
1804 3701 1893 3756 vero
1912 3677 2013 3758 resia
2039 3654 2133 3755 DE
2211 3650 2214 3653 Δ

780 3808 849 3915 ipfi
870 3810 947 3887 AB
967 3811 1007 3888 in
1028 3812 1076 3890 F.
1126 3810 1322 3913 Qoniam
1353 3810 1471 3917 igitur
1498 3833 1544 3892 ut
1574 3816 1655 3893 BG
1680 3814 1728 3894 ad
1749 3816 1809 3894 Bl
1828 3815 1879 3894 ita
1898 3814 2137 3921 quadratum

780 3975 827 4025 ex
850 3950 933 4028 AG
953 3949 999 4028 ad
1019 3950 1248 4056 quadratum
1265 3978 1314 4029 ex
1333 3951 1417 4041 DI,
1443 3952 1515 4029 erit
1538 3956 1639 4031 resta
1665 3948 1745 4032 BG
1775 3951 1986 4061 quadrupla
2014 3954 2144 4061 ipfius

782 4088 878 4178 Bl;
906 4074 955 4165 et¹
963 4088 1120 4195 proinde
1139 4093 1238 4168 resta
1257 4091 1291 4168 F
1300 4092 1334 4168 E
1354 4089 1471 4198 dupla
1489 4093 1598 4169 reoae
1617 4090 1716 4171 DF.
1767 4091 1901 4195 Qare
1926 4090 1981 4169 est
2009 4091 2139 4170 trian-
2178 4106 2182 4122 '

783 4223 920 4331 gulum
942 4226 1004 4333 (1.
1022 4229 1081 4332 ό.)
1106 4229 1226 4305 ΑΒΕ
1248 4227 1411 4337 duplum
1431 4229 1609 4333 trianguli
1628 4229 1768 4320 ADB,
1788 4245 1827 4306 et
1846 4228 1991 4307 idcirco
2007 4230 2141 4308 trian-

785 4366 920 4469 gulum
940 4368 1068 4462 ABG
1086 4366 1344 4475 quadruplum
1358 4369 1474 4477 ipsrus
1493 4370 1634 4450 ADB.
1682 4371 1721 4449 Si
1739 4371 1840 4470 resta
1855 4370 1940 4448 GC
1954 4366 2141 4451 bifariam

786 4506 929 4583 secetur
948 4506 987 4584 in
1008 4511 1151 4615 pundo
1171 4510 1225 4600 K,
1254 4524 1293 4587 et
1312 4508 1474 4589 ducatur
1492 4510 1675 4589 diameter
1694 4510 1791 4600 KL,
1821 4526 1861 4587 et
1888 4507 2142 4589 construatur

788 4641 1024 4748 triangulum
1053 4646 1190 4738 BLC,
1230 4647 1367 4727 eodem
1397 4648 1514 4727 modo
1545 4632 1863 4729 demonstrabitur
1898 4649 2152 4756 triangulum
2215 4646 2219 4657 ’

789 4781 915 4862 BGC
936 4781 1194 4893 quadruplum
1212 4787 1284 4868 effe
1302 4787 1480 4897 trianguli
1498 4790 1634 4869 BLC.
1683 4787 1782 4869 Sunt
1806 4788 1927 4897 igitur
1946 4788 2152 4895 triangula·

1985 4928 2140 5019 ADB,
