5184 6600
890 967 1060 1127 Caput
1102 915 1449 1082 Secundum*
1496 965 1505 975 χ
1585 1033 1599 1098 ς
1664 1007 1782 1141 349

471 1222 569 1307 ΠΕ
606 1248 728 1303 tuus
758 1245 942 1321 tracum
967 1219 1035 1327 qui
1061 1217 1264 1300 maronam
1288 1219 1509 1303 Canicarum
1532 1221 1783 1303 dodriname
1851 1265 1855 1268 -

444 1368 542 1449 Cvno
553 1365 726 1452 eliciunt,
736 1361 820 1468 jam
832 1361 998 1439 diximus
1006 1396 1019 1452 3
1038 1386 1205 1467 quorum
1218 1360 1375 1466 quidem
1389 1359 1594 1442 methodus
1609 1362 1785 1442 omnium
1921 1359 1927 1368 ’

371 1606 376 1612 ⁵
443 1502 673 1614 paratissima
704 1500 760 1578 est
790 1518 905 1605 atque
930 1499 1092 1605 optima,
1123 1498 1233 1604 cujus
1259 1525 1333 1606 ope
1355 1501 1544 1608 primariae
1564 1503 1785 1582 Sestionum

442 1644 660 1723 affectiones
679 1640 859 1749 explicari
885 1637 1037 1745 poffint.
1086 1638 1217 1716 Immo
1245 1637 1323 1716 fine
1342 1639 1556 1720 laudatione
1585 1668 1785 1750 nunquam

441 1783 673 1864 nominanda
706 1780 774 1870 est,
803 1781 856 1857 ita
888 1795 968 1855 tam
1005 1778 1136 1888 paucis
1174 1778 1351 1858 innititur
1379 1780 1590 1890 principiis,
1625 1807 1710 1889 quae
1737 1808 1786 1860 ex

440 1919 813 2002 Mathematicorum
829 1915 942 1993 libris
967 1913 1148 1995 facillime
1167 1916 1331 2026 petenda
1344 1917 1454 2011 sunt,
1483 1921 1618 2002 circuli
1635 1939 1729 2030 puta
1747 1938 1787 2000 et

309 2087 313 2095 ·
442 2058 723 2165 triangulorum
756 2058 937 2135 similium
969 2056 1249 2150 affestionibus,
1279 2054 1364 2139 tum
1392 2078 1523 2140 autem
1551 2054 1599 2141 a'd
1628 2031 1787 2142 omnern

410 2197 678 2307 ¹Conicorum
709 2196 921 2276 dodtriuam
947 2197 1001 2276 ita
1031 2197 1133 2277 viam
1162 2197 1309 2290 sternit,
1336 2216 1380 2276 ut
1411 2225 1455 2277 ea
1481 2201 1551 2278 rite
1579 2198 1784 2294 intellecta,

444 2339 590 2446 reliqua
615 2364 765 2417 moram
793 2339 858 2416 vix
877 2355 944 2415 aut
971 2365 1020 2416 ne
1038 2339 1104 2416 vix
1129 2337 1302 2442 injiciant
1325 2336 1508 2444 aliquam.
1557 2339 1677 2446 Qod
1696 2341 1788 2426 snut

442 2479 484 2557 in
500 2478 566 2555 tali
580 2477 735 2589 mate-rie
748 2477 886 2585 volupe
901 2475 971 2569 cst,
992 2500 1126 2554 omnes
1145 2478 1307 2581 egregiae
1323 2473 1482 2580 hujusce
1501 2475 1676 2558 methodi
1695 2448 1787 2588 pro·
1842 2460 1849 2561 ⁵.

444 2614 587 2721 gressus
598 2617 640 2693 in
653 2615 881 2696 memoriam
898 2631 1136 2706 revocentur,
1156 2613 1403 2694 fundamenta
1422 2615 1505 2721 ejus
1525 2617 1649 2724 posuit
1663 2619 1787 2728 Apol-

443 2757 580 2849 Iant'us3
600 2756 707 2836 novis
725 2784 809 2836 eam
828 2757 1070 2836 incrementis
1086 2757 1192 2834 auxit
1213 2753 1409 2835 Guarinus
1419 2788 1433 2846 3
1463 2755 1511 2835 ad
1528 2756 1648 2850 illam,
1670 2785 1791 2865 quam

443 2865 548 2976 nunc
567 2895 698 2988 habet,
719 2895 1013 3003 amplitudinem
1032 2896 1157 2974 evexit
1178 2896 1432 2985 Hamiltanus,
1458 2912 1498 2973 et
1515 2895 1694 2974 omnibus
1712 2895 1791 2977 fere

444 3038 612 3116 numeris
632 3035 844 3118 absolutam
859 3022 903 3113 in
929 3033 996 3113 suo
1014 3032 1062 3112 de
1084 3034 1239 3112 Conicis
1261 3035 1390 3142 Opere
1410 3033 1625 3113 ostentavit.
1667 3035 1790 3144 Apol-

445 3173 537 3254 lonii
559 3173 613 3252 est
631 3170 759 3281 primb
779 3169 963 3251 monuisse
982 3168 1090 3263 illud,
1120 3172 1159 3250 in
1181 3171 1316 3280 Ellipst
1335 3191 1374 3252 et
1394 3149 1620 3279 Hyperbola
1637 3176 1790 3252 restan-

445 3314 537 3421 gula
574 3313 642 3393 sub
681 3312 856 3392 diametri
893 3308 1072 3403 absciffis,
1103 3303 1150 3389 ut
1188 3310 1369 3418 quadrata
1403 3338 1451 3390 ex
1487 3310 1666 3389 ordinatis
1704 3310 1791 3391 esse.

445 3450 703 3532 Affectionem
722 3449 838 3542 hanc,
859 3443 899 3527 et
917 3445 1043 3557 quoad
1067 3448 1158 3528 alias
1184 3477 1340 3559 quoque
1359 3451 1398 3530 in
1424 3450 1650 3530 sessionibus
1676 3453 1792 3532 lineas
1927 3525 1931 3534 .

443 3588 577 3670 locum
608 3585 749 3668 habere
780 3586 944 3668 ostendit
977 3586 1186 3679 Guarinus,
1235 3616 1328 3668 cum
1367 3588 1407 3666 in
1445 3585 1648 3698 hypothefi
1686 3591 1793 3699 prius
1915 3612 1918 3616 ·

419 3763 424 3770 ·
446 3729 612 3838 posuerit
636 3731 777 3805 restam
796 3727 951 3817 lineam,
981 3741 1068 3830 qua
1093 3725 1240 3802 duabus
1267 3727 1376 3802 restis
1396 3724 1503 3804 lineis
1529 3726 1600 3804 fibi
1626 3728 1795 3811 invicem

440 3885 485 3946 'et
505 3866 607 3944 Coni
634 3864 710 3943 bafi
737 3864 926 3973 parallelis
954 3863 1136 3959 occurrit,
1166 3887 1244 3939 non
1268 3859 1489 3941 diametrum
1509 3864 1793 3956 tantummodo,

447 4002 511 4085 sed
540 4028 589 4083 ex
618 4003 663 4082 iis
696 4001 894 4110 quamlibet
915 4028 1001 4109 qua
1032 4002 1073 4080 in
1101 3996 1251 4077 duobus
1279 4000 1434 4106 punstis
1465 4000 1554 4078 coni
1580 3974 1796 4108 superficiei

447 4130 670 4236 occurrunt,
721 4117 858 4220 utrum
886 4140 1003 4220 lineas
1043 4135 1237 4247 parallelas
1274 4134 1451 4218 bifariam
1488 4138 1629 4231 secent,
1660 4168 1794 4222 necne.

443 4279 522 4362 'Sed
540 4299 581 4360 et
595 4277 692 4358 huic
712 4279 783 4387 ipfi
804 4276 1054 4358 Theoremati
1073 4274 1197 4354 deerat
1221 4271 1348 4353 adhuc
1375 4273 1484 4366 illud,
1514 4302 1593 4383 quo
1620 4275 1795 4386 locuple-

445 4434 576 4499 tatum
603 4416 652 4498 ab
678 4417 895 4499 Hamiltano
921 4417 991 4511 est,
1027 4414 1163 4524 quiet
1200 4411 1360 4492 ulterius
1391 4413 1518 4505 docet,
1558 4416 1798 4499 confimilern
1886 4525 1889 4532 Ι

450 4581 606 4667 quoque
638 4557 915 4665 agnoscendam
951 4553 1025 4635 else
1056 4552 1313 4645 affectionem,
1342 4551 1411 4632 ubi
1424 4554 1643 4662 staperficies
1680 4558 1799 4637 etiam

448 4696 627 4808 appofitas
644 4696 865 4805 contingunt
891 4698 1001 4776 redtae
1022 4692 1130 4774 lineae
1149 4690 1349 4802 parallelae,
1382 4690 1444 4772 vel
1464 4691 1510 4772 iis
1528 4711 1748 4777 occurrunt.

373 4943 377 4951 ,
510 4835 631 4943 Qod
660 4835 708 4914 ad
736 4862 806 4916 nos
834 4836 984 4927 attinet,
1015 4835 1085 4942 qui
1108 4832 1185 4916 hoc
1216 4830 1382 4914 fruimur
1410 4832 1559 4927 saeculo,
1592 4836 1620 4914 ii
1646 4832 1798 4915 sortasse

452 4970 597 5069 sumus,
616 5000 713 5088 quos
732 4976 895 5086 graviter
906 4972 1010 5060 haud
1028 4975 1227 5088 poeniteat,
1241 4972 1291 5057 ad
1308 4990 1458 5059 tantam
1469 4974 1509 5057 in
1522 4971 1597 5064 hac
1615 4970 1801 5053 methodo

1534 5114 1801 5197 excellentiam
