5184 6600
829 935 1003 1096 Caput
1044 920 1297 1044 Tertiam.
1630 931 1742 1084 361

464 1188 669 1276 Geometris
690 1184 963 1297 antiquioribus
981 1183 1125 1264 interea
1145 1211 1221 1263 non
1242 1182 1410 1263 innotuit
1428 1181 1506 1276 illa,
1534 1214 1618 1293 qoae
1635 1184 1750 1267 hodic
1813 1230 1905 1272 fffff

408 1352 489 1416 tam
512 1358 651 1440 magna
677 1329 751 1409 esse
776 1325 1001 1433 intelligitur
1017 1324 1194 1431 sucorum
1219 1306 1379 1416 utilitas,¹
1409 1353 1534 1432 neque
1566 1326 1676 1436 plene
1710 1345 1750 1408 et

406 1474 618 1555 luculenter
637 1470 686 1550 ab
712 1471 757 1548 iis
777 1465 955 1573 cxpofitae
980 1463 1068 1543 sunt
1085 1491 1219 1543 omnes
1238 1491 1375 1543 corum
1405 1463 1751 1548 affectiones-ex

410 1633 517 1722 parte
538 1606 821 1695 tantummodo,
838 1602 1086 1711 quaestionem
1105 1600 1206 1682 hanc
1222 1603 1326 1713 apud
1344 1631 1409 1683 eos
1430 1610 1627 1688 traiiatam
1645 1604 1755 1686 fuisse

410 1752 683 1860 comperimus.
724 1746 796 1833 ,Ita
824 1745 1012 1825 nimirum
1044 1747 1335 1825 Aaouuourus
1369 1742 1413 1823 de
1444 1746 1645 1827 Parabalae
1662 1750 1754 1856 saca

411 1893 570 1971 omnino
590 1885 700 1979 nihil,
717 1885 812 1964 dum
832 1904 961 1965 tamen
977 1882 1023 1961 da
1035 1885 1211 1995 Ellipseor
1224 1902 1262 1966 et
1277 1885 1617 1995 Hyperbalaesacis,
1633 1890 1756 1969 multa

412 2032 460 2111 ab
486 2057 535 2109 eo
558 2024 812 2110 demonstrata
844 2026 931 2119 smt,
962 2052 1048 2134 quae
1077 2024 1138 2104 vel
1168 2028 1329 2105 maximi
1359 2024 1432 2104 effe
1453 2028 1641 2107 momenti
1671 2028 1756 2106 satis

412 2167 574 2248 constat.
624 2162 767 2271 Qoad
796 2162 860 2241 illa
891 2190 977 2269 quae
1006 2160 1102 2242 focis
1132 2162 1235 2244 hisce
1265 2162 1489 2246 definiendis
1508 2165 1610 2274 apud
1628 2167 1756 2274 Apol-

413 2307 565 2388 lonium
595 2303 819 2393 inserviunt,
847 2303 994 2410 panila
1022 2303 1189 2411 appellat
1206 2330 1270 2383 eos
1289 2331 1334 2383 ex
1363 2304 1611 2413 applicatione
1623 2306 1758 2413 sabia,
1839 2406 1842 2412 ν
1940 2338 1956 2344 γ’

338 2438 343 2454 ’”
417 2476 504 2558 quae
529 2444 692 2524 inveniri
716 2441 858 2553 poffint
886 2442 1160 2548 “applicando
1179 2442 1228 2522 ab
1254 2461 1417 2549 utraque
1435 2460 1543 2551 parte
1562 2442 1610 2522 ad
1629 2469 1758 2537 axem,

417 2582 667 2665 transversum
690 2580 845 2672 scilicet,
866 2577 1135 2687 reilangulum
1154 2581 1300 2689 aequale'
1315 2598 1459 2689 quartae
1476 2579 1720 2689 partifigurae
1733 2585 1759 2639 ³¹*

417 2727 458 2806 in
488 2719 702 2832 Hyperbala
733 2718 890 2829 quidem
923 2735 962 2797 et
983 2718 1212 2800 Seilianibus
1230 2719 1413 2829 Oppafltis
1445 2719 1616 2801 excedens
1641 2719 1763 2828 figura
1878 2813 1880 2817 s

420 2863 618 2975 quadrata,
648 2862 688 2940 sn
707 2858 843 2967 Ellipst
860 2884 951 2937 vero
971 2855 1176 2965 deficiens?
1218 2860 1327 2941 Cum
1351 2878 1483 2941 autem
1514 2878 1648 2970 quarta
1678 2886 1764 2969 pars

421 3006 554 3115 figurae
587 3027 636 3081 ex
669 3026 740 3079 axe
773 2997 993 3108 transverso,
1025 3000 1185 3108 aqualis
1216 2999 1272 3080 est
1308 2999 1491 3109 quadrato
1521 3026 1573 3079 ex
1604 2998 1767 3080 semiaxe

423 3144 644 3251 conjugato,
674 3165 741 3247 per
758 3136 979 3248 ipfisllmum
994 3165 1081 3219 eam
1094 3137 1498 3248 affeClionem‘punsta
1509 3135 1598 3245 haec
1611 3140 1767 3230 indicat,

424 3313 511 3395 quae
535 3305 576 3363 et
601 3305 720 3393 penes
739 3306 809 3362 noa
831 3279 879 3360 ad
898 3275 1163 3362 definitionem
1181 3308 1314 3363 earum
1332 3275 1637 3362 concinnandam
1652 3274 1767 3361 adhi-

424 3424 506 3506 bita
523 3422 593 3504 est.

483 3564 663 3646 Proxime
691 3561 739 3642 ad
771 3558 910 3644 harum
944 3563 1248 3673 propositionum
1272 3562 1609 3644 demonstrationes
1636 3559 1673 3641 se
1704 3586 1772 3640 ac·
1806 3573 1882 3637 1²10.
1907 3581 1959 3639 m

428 3704 552 3813 cingit
582 3700 926 3810 Apollonius-“
947 3702 987 3779 Si
1008 3703 1108 3779 resta
1140 3701 1224 3779 DE
1244 3699 1417 3809 ellipsem
1443 3700 1506 3779 vel
1523 3697 1776 3807 hyperbolam
1910 3670 1961 3714 η’

430 3844 657 3947 contingens
676 3843 852 3919 occurrat
871 3838 1018 3919 duabus
1038 3839 1349 3946 contingentibus
1370 3841 1471 3952 AD,
1501 3840 1578 3919 BE
1601 3867 1667 3950 per
1685 3866 1775 3918 ver-

433 3984 527 4062 tices
557 3980 750 4060 transversi
783 3982 863 4060 axis
892 3982 1015 4061 ductis
1031 4018 1044 4075 3
1074 3985 1192 4061 restas
1223 3978 1322 4072 DF;
1353 3983 1440 4073 FE,
1469 3980 1530 4060 vel
1560 3982 1665 4073 Do,
1693 3980 1777 4059 ΟΕ

436 4148 554 4229 quaea
567 4121 720 4228 punilis
734 4120 913 4199 occursus
925 4120 1134 4211 ducuntur,
1149 4121 1196 4199 ad
1207 4121 1350 4230 poncia
1362 4121 1413 4212 F,
1429 4119 1463 4199 Ο
1478 4149 1524 4200 ex
1535 4117 1781 4230 applicatione

423 4262 543 4367 fabia
575 4256 733 4366 angulos
761 4262 882 4339 reilos
908 4259 955 4340 ad
978 4260 1242 4367 diblapunsta
1267 4260 1614 4343 efficere-iisdem
1639 4258 1782 4367 pofitis,

437 4399 753 4508 angulososso,
775 4398 916 4491 ouo,
933 4398 991 4477 un
1004 4399 1121 4476 ettam
1134 4398 1293 4505 angulos
1313 4395 1783 4509 Aonoooaequnes
1829 4376 1831 4380 ’

487 4757 502 4786 ⁸
525 4747 638 4827 Figurae
653 4746 787 4806 nimirum
801 4748 861 4808 axis
877 4749 1070 4809 transversi-
1078 4750 1132 4809 Per
1147 4750 1266 4829 figuram
1280 4765 1373 4809 autem
1388 4748 1518 4810 diametri
1533 4746 1662 4824 cujusvis,
1682 4744 1788 4805 intelli·

441 4844 522 4926 gitur
535 4846 727 4926 redingulum
741 4845 790 4905 sub
804 4846 943 4911 diametro
956 4848 1013 4930 ipsa
1028 4865 1056 4908 et
1068 4849 1128 4923 ejus
1140 4839 1314 4928 'parametro
1580 4841 1585 4850 ⁴

1057 4949 1094 5028 Z
1113 4978 1139 5036 z
1695 4944 1794 5028 inter
