5184 6600
778 1004 858 1125 90
985 952 1273 1078 Sellionum
1298 955 1607 1083 caricarum
1637 956 1796 1074 Lrn.
1831 954 1940 1076 III.

777 1208 822 1257 ex
838 1184 921 1270 KG,
941 1182 1185 1279 redlangulum
1208 1205 1295 1257 vero
1314 1180 1423 1257 AHB
1441 1177 1577 1277 aequale
1600 1176 1774 1276 quadrato
1791 1198 1835 1249 ex
1852 1175 1943 1250 LH,
1994 1178 2123 1277 Qarn

660 1285 662 1290 ’
777 1322 840 1395 per
856 1297 939 1371 Cor.
959 1319 994 1391 3.
1014 1299 1123 1392 Prop.
1144 1317 1176 1391 ς.
1197 1298 1252 1392 (et
1271 1315 1303 1389 7.
1326 1294 1379 1390 ς.)
1399 1311 1439 1365 ut
1456 1292 1670 1389 quadratum
1686 1314 1732 1363 ex
1749 1292 1819 1365 KG
1838 1291 1884 1364 ad
1900 1291 2126 1389 quadratum

778 1434 825 1485 ex
840 1413 908 1486 EG
933 1413 983 1486 ita
1005 1413 1222 1511 quadratum
1247 1436 1291 1485 ex
1313 1409 1391 1482 LH
1411 1406 1464 1479 ,ad
1486 1405 1703 1503 quadratum
1726 1429 1770 1478 ex
1795 1407 1823 1479 F
1828 1407 1889 1491 H,
1916 1427 1956 1479 et·
1969 1406 2119 1504 proinde

780 1535 857 1623 (aa.
877 1526 931 1616 6.)
949 1546 990 1600 ut
1011 1527 1081 1599 KG
1100 1526 1144 1599 ad
1166 1525 1236 1598 EG
1255 1526 1305 1599 ita
1320 1524 1398 1598 LH
1417 1522 1461 1596 ad
1478 1522 1561 1597 FH.
1596 1518 1707 1620 Ergo,
1724 1519 1969 1619 permutando,
1987 1540 2028 1593 ut
2044 1522 2116 1595 KG

780 1640 824 1712 ad
841 1641 919 1714 LH
937 1640 985 1717 ita
1001 1641 1067 1715 EG
1080 1642 1124 1714 ad
1142 1641 1227 1715 FH.
1294 1640 1463 1741 QENJD

1224 1854 1324 1935 PR
1354 1855 1393 1933 O
1424 1855 1470 1935 P.
1546 1853 1666 1934 XIII.

563 2007 569 2017 '
625 2029 673 2067 ¹⁰·
728 2050 736 2070 ·
778 2003 818 2090 si
850 1971 1041 2084 diameter
1074 2003 1146 2083 AB
1180 1966 1360 2112 ellipseoa
1388 2002 1502 2083 ΑΕΒ
1532 2001 1579 2081 srt
1609 2002 1728 2082 etiam
1758 2000 1949 2082 diameter
1975 2000 2116 2081 circuli

831 2125 961 2221 AKB,
980 2144 1020 2207 et
1041 2129 1143 2205 reeta
1162 2127 1246 2206 ΚΝ
1265 2124 1463 2206 circulum
1481 2125 1527 2203 in
1543 2127 1693 2233 pundo
1712 2127 1753 2206 K
1767 2127 2000 2233 contingens
2024 2124 2124 2203 dia«.

831 2269 959 2331 metro
973 2252 1045 2330 AB
1062 2248 1259 2358 produstae
1273 2250 1315 2327 in
1333 2251 1479 2357 punsto
1500 2249 1542 2328 N
1558 2266 1764 2342 occurrat;
1796 2267 1914 2356 atque
1929 2275 1949 2326 a
1966 2251 2115 2356 pundo

829 2376 871 2454 K
890 2376 936 2452 ad
957 2374 1194 2456 diametrum
1216 2373 1305 2465 AB,
1334 2372 1404 2480 ipfi
1428 2371 1589 2481 quidem
1616 2370 1957 2481 perpendicularis,
1988 2371 2111 2450 duca·

836 2515 902 2576 tur
921 2497 1018 2587 KG,
1040 2515 1080 2575 et
1097 2498 1139 2575 in
1160 2493 1285 2604 ellipfi
1305 2495 1497 2575 diametro
1512 2494 1585 2575 AB
1604 2495 1781 2575 ordinata
1796 2494 1889 2588 EG,
1910 2512 1951 2574 er
1964 2494 2111 2607 junga-

783 2701 786 2711 ,
831 2638 894 2698 tur
914 2619 994 2699 EN
1012 2655 1025 2711 ς
1057 2621 1159 2698 reela
1179 2618 1259 2699 ΕΝ
1281 2617 1449 2727 ellipfim
1469 2618 1690 2727 continget.

775 2778 845 2944 Sl
864 2776 961 2848 enim
979 2774 1054 2847 fieri
1072 2774 1198 2871 potest,
1224 2772 1316 2847 secet
1333 2775 1428 2848 reda
1447 2774 1520 2847 EN
1544 2773 1697 2870 ellipsim
1722 2773 1759 2846 in
1775 2775 1913 2873 pandis
1930 2775 1975 2864 E,
1993 2774 2024 2847 F
2034 2808 2046 2859 ς
2073 2794 2111 2847 et

856 2917 876 2963 a
896 2891 1072 2987 pundoF
1087 2890 1239 2962 ducatur
1251 2889 1286 2993 in
1301 2887 1412 2987 ellipfi
1423 2890 1453 2968 F
1455 2890 1494 2962 H
1512 2890 1680 2987 parallela
1695 2892 1865 2965 ordinatae
1875 2893 1956 2980 EG,
1970 2911 2007 2964 et
2019 2891 2114 2965 resta

772 3005 846 3077 FH
875 3002 941 3075 erit
966 3002 1140 3075 diametro
1165 3004 1232 3074 AB
1260 3003 1430 3090 ordinata,
1457 3029 1521 3102 per
1547 3007 1632 3078 Cor.
1665 3030 1698 3081 2.
1727 3007 1836 3103 Prop.
1856 3035 1891 3100 4.
1947 3008 2112 3080 Ducatur

771 3117 876 3194 etiam
896 3118 1020 3194 HLm
1041 3116 1103 3221 ipfi
1128 3120 1195 3190 AB
1224 3117 1268 3190 ad
1291 3119 1403 3194 renos
1421 3118 1583 3217 angulos,
1608 3117 1909 3194 circumferentiae
1934 3118 2056 3193 circuli
2073 3118 2114 3194 in

770 3236 902 3330 punelo
920 3234 973 3320 L,
996 3234 1218 3330 contingenti
1232 3257 1318 3307 vero
1336 3235 1406 3307 KN
1426 3235 1462 3308 in
1478 3238 1610 3333 pundo
1627 3235 1686 3322 M,
1712 3257 1908 3309 occurrens.
1951 3232 2002 3306 Et
2016 3256 2112 3332 quo·

770 3334 866 3421 niam
884 3346 961 3420 sunt
985 3349 1068 3433 KG,
1087 3347 1174 3418 MH
1194 3346 1257 3444 ipfi
1282 3350 1348 3420 AB
1367 3348 1412 3420 ad
1437 3349 1550 3421 redlos
1575 3348 1736 3446 angulos,
1763 3348 1939 3446 parallelae
1958 3352 2035 3447 (29.
2060 3350 2110 3437 1.)

770 3483 884 3535 erunt.
930 3462 1052 3546 Porro,
1070 3485 1134 3557 per
1150 3461 1259 3559 Prop.
1284 3486 1340 3536 12.
1360 3463 1425 3534 erit
1444 3462 1515 3535 EG
1532 3462 1578 3535 ad
1599 3463 1671 3537 ΡΗ
1688 3484 1729 3536 ut
1746 3463 1818 3536 KG
1835 3462 1881 3536 ad
1896 3462 1988 3536 LH.
2035 3461 2111 3538 ·Sed
2149 3533 2156 3540 .

769 3597 916 3673 propter
938 3574 1064 3647 similia
1080 3573 1269 3672 triangula,
1296 3575 1364 3648 erit
1384 3575 1454 3648 EG
1472 3577 1518 3648 ad
1541 3578 1612 3650 ΡΗ
1637 3579 1691 3675 (4.
1712 3578 1765 3668 6.)
1783 3595 1822 3650 ut
1839 3575 1910 3648 GN
1931 3576 1975 3649 ad
2000 3576 2108 3662 HN,

769 3710 807 3762 et
825 3691 899 3762 GN
918 3689 963 3761 ad
982 3689 1062 3761 HN
1081 3708 1122 3760 ut
1140 3689 1211 3761 KG
1228 3689 1273 3761 ad
1298 3691 1398 3763 MH.
1441 3691 1664 3790 Itaque(11.
1687 3696 1739 3785 5‚)
1758 3692 1827 3765 EG
1845 3689 1889 3763 ad
1914 3692 1986 3764 FH
2005 3690 2055 3764 ita
2076 3691 2111 3765 se

770 3804 876 3877 habet
904 3822 944 3876 ut
970 3802 1042 3876 KG
1071 3802 1116 3875 ad
1144 3804 1246 3891 MH,
1273 3823 1310 3876 et
1336 3827 1522 3905 propterea
1550 3806 1617 3879 erit
1649 3808 1720 3880 KG
1753 3806 1798 3880 ad
1814 3807 1892 3880 LH
1913 3825 1954 3879 ut
1970 3807 2042 3880 KG
2064 3806 2110 3883 ad

768 3918 870 3991 MH.
913 3918 1015 4015 Ergo
1033 3915 1111 3990 sunt
1126 3918 1281 4015 aeqnales
1296 3925 1349 4016 (9.
1374 3924 1448 4011 ιι.)
1466 3921 1557 4009 LH,
1576 3920 1690 3993 MH:
1720 3920 1818 4020 quod
1836 3920 1885 3993 est
1904 3919 2107 3996 absurdum.

768 4033 882 4107 Reda
900 4029 1010 4128 igitur
1034 4032 1107 4103 EN
1125 4031 1281 4129 ellipsim
1295 4030 1409 4107 secare
1433 4059 1503 4106 non
1520 4033 1635 4132 potest
1642 4067 1658 4122 ςἱ
1687 4053 1724 4106 et
1739 4052 1932 4137 propterea
1944 4031 2060 4132 ipsam
2073 4033 2113 4108 in

769 4143 1156 4244 pundIoEcontingit.
1306 4194 1311 4207 ·

819 4263 901 4334 Cor.
920 4261 949 4334 I.
978 4259 1016 4332 si
1039 4263 1133 4333 reela
1156 4261 1228 4334 EN
1257 4260 1406 4359 ellipsim
1434 4263 1469 4336 in
1496 4264 1629 4361 punem
1646 4263 1680 4337 E
1697 4263 1909 4360 contingens
1932 4262 2109 4338 diametro

767 4376 834 4449 ΛΒ
853 4375 1036 4473 produelae
1053 4375 1090 4448 in
1107 4376 1241 4473 pundo
1258 4377 1296 4449 N
1322 4397 1510 4462 occurram
1537 4395 1573 4450 et
1594 4378 1744 4450 ducatur
1768 4378 1929 4450 ordinata
1944 4378 2013 4452 EG
2030 4380 2109 4454 dia-

766 4509 885 4560 metro
903 4489 987 4579 AB,
1008 4488 1044 4560 in
1066 4487 1200 4560 circulo
1222 4514 1308 4565 nero
1335 4492 1429 4563 reda
1451 4493 1521 4585 KG
1554 4492 1617 4589 ipfi
1646 4496 1713 4567 AB
1735 4494 2047 4592 perpendicularis,
2071 4517 2109 4572 et

628 4602 634 4611 '
757 4574 931 4698 jungatur
946 4603 1046 4688 KN,
1072 4603 1165 4674 reda
1182 4604 1257 4676 ΚΝ
1282 4603 1457 4680 circulum
1480 4608 1680 4708 continget.
1723 4609 1812 4683 Hoc
1830 4608 1959 4684 eadem
1974 4611 2113 4688 ratione

765 4741 806 4790 ac
824 4718 1024 4816 Propnfitio
1042 4718 1349 4794 demonstrabitur.

815 4830 900 4909 Cor.
920 4832 969 4909 II.
996 4831 1034 4904 si
1052 4856 1074 4904 a
1090 4833 1224 4930 punelo
1244 4834 1293 4922 G,
1322 4834 1358 4907 in
1385 4835 1559 4914 diametro
1588 4840 1774 4914 communi
1798 4842 1864 4916 AB
1885 4836 2055 4937 ellipseos.
2071 4859 2109 4917 et

676 5036 678 5043 Α
763 4944 898 5036 circuli,
914 4946 1065 5027 ducatur
1080 4947 1177 5023 resta
1194 4948 1264 5026 GE
1282 4948 1320 5027 in
1337 4950 1448 5053 ellipfi
1467 4954 1630 5033 ordinata
1644 4956 1708 5059 ipsa
1722 4960 1805 5048 AB,
1817 4956 1854 5056 in
1872 4956 2006 5033 circulo
2019 4980 2106 5130 νεᾶο

1400 5076 1402 5084 ·
2011 5077 2049 5132 re
2085 5080 2109 5132 a
