5184 6600
810 1015 813 1019 ,
840 862 960 1013 360
1013 862 1111 974 De
1140 858 1431 976 Seliionum
1461 864 1513 976 C
1504 778 1768 978 urticarum
1795 861 2094 1015 Domina,

835 1114 942 1194 lineae
956 1114 1139 1220 ejusmodi
1158 1145 1236 1197 non
1252 1117 1520 1199 tantummodo
1533 1118 1629 1199 datae
1647 1119 1748 1211 sunt,
1766 1120 1829 1201 sed
1847 1122 2057 1206 istiusmodi
2076 1126 2180 1234 poli·

835 1257 939 1336 tione
953 1258 1083 1347 etiam,
1104 1284 1190 1363 quae
1208 1259 1386 1338 omnium
1400 1259 1671 1368 fimpliciffima
1687 1258 1757 1351 est,
1778 1279 1820 1339 et
1837 1288 1884 1340 ex
1900 1289 1977 1370 qua
1994 1264 2181 1348 mensure

836 1416 1058 1507 computus,
1079 1399 1119 1477 in
1138 1398 1182 1476 its
1202 1425 1288 1505 quae
1306 1396 1517 1505 quotidiani
1530 1397 1618 1478 usus
1636 1397 1737 1491 sunt,
1758 1397 1940 1480 facillime
1957 1402 2180 1484 derivandus

835 1535 906 1615 est.
951 1535 1108 1646 Qibus
1127 1540 1287 1617 omnino
1303 1537 1511 1617 rationibus
1530 1537 1690 1629 inducti,
1719 1539 1748 1618 ii
1766 1539 1883 1620 etiam
1901 1542 1970 1650 qui
1990 1544 2181 1624 Sefliones

682 1728 700 1764 Α
749 1724 773 1763 s.
837 1677 1003 1757 Conicas
1036 1679 1307 1769 traetaverunt,
1335 1676 1390 1758 ad
1420 1705 1548 1758 aarum
1579 1705 1667 1758 axes
1696 1677 1785 1758 alias
1812 1706 1944 1759 earum
1977 1679 2182 1763 diametros

835 1818 1000 1899 retulisse
1025 1819 1214 1910 videntur,
1243 1835 1380 1925 utpote
1405 1818 1452 1896 ad
1481 1815 1684 1898 modulum
1703 1844 1783 1924 quo
1805 1821 1953 1927 optime
1971 1847 2034 1899 eas
2058 1823 2185 1901 metiri

835 1956 998 2065 possent.
1035 1958 1158 2068 Qod
1176 1957 1294 2035 etiam
1311 1956 1438 2062 quoad
1455 1955 1658 2036 diametros
1677 1956 1898 2063 conjugatas
1918 1957 1962 2035 iis
1979 1956 2102 2039 facere
2122 1961 2182 2040 so·

833 2100 946 2180 lenne
965 2118 1058 2191 erat,
1089 2100 1240 2208 quoties
1259 2124 1392 2178 earum
1410 2096 1601 2181 summam
1619 2112 1687 2176 aut
1704 2095 1975 2188 differentiam,
2007 2098 2069 2177 vel
2085 2127 2184 2208 qua-

834 2239 1031 2319 dratorum
1049 2267 1097 2319 ex
1116 2237 1381 2344 hujuscemodi
1398 2237 1592 2321 diutnetris
1610 2237 1804 2316 summam
1828 2255 1895 2315 aut
1915 2235 2183 2333 differentiam,

834 2377 897 2455 vel
916 2376 1133 2483 rectiangula
1152 2375 1221 2455 sub
1242 2377 1287 2454 iis
1308 2392 1488 2454 contenta
1503 2377 1545 2452 in
1563 2373 1757 2457 calculum
1770 2394 1965 2456 vocarent.
2010 2380 2185 2459 Omnino

835 2514 912 2598 lroc
931 2516 979 2598 ab
1002 2514 1211 2624 Apollonio
1230 2511 1377 2592 factum
1398 2512 1467 2606 est,
1497 2520 1601 2600 utet
1624 2514 1674 2594 ab
1699 2513 1781 2594 aliis
1802 2541 1971 2623 quoque,
2007 2517 2076 2626 qui
2097 2518 2189 2626 post

834 2631 927 2737 eum
957 2657 1197 2738 Conicorum
1224 2653 1437 2735 doumam
1466 2672 1581 2763 prout
1608 2655 1672 2737 ille
1702 2658 1865 2767 primus,
1894 2652 2052 2734 uberius
2081 2673 2185 2738 trac-

834 2784 978 2876 tarunt.
1879 2896 1882 2906 Ι

897 2937 1047 3016 Verum
1062 2935 1269 3026 enimvero,
1286 2959 1335 3014 ne
1353 2928 1635 3012 Recentiom'brar
1651 2930 1776 3012 fraudi
1794 2932 1929 3012 lintea
1956 2959 2046 3041 quae
2069 2933 2186 3014 rnodo

834 3072 1017 3167 diximus,
1033 3074 1249 3182 diligentius
1269 3074 1383 3181 longe
1401 3089 1441 3152 et
1460 3071 1682 3153 ulteriusde
1700 3074 1832 3170 arrium
1853 3071 2120 3153 affectionibus
2138 3073 2186 3154 ab

834 3214 879 3294 iis
900 3213 1102 3323 quaefitum
1120 3213 1190 3308 est,
1220 3240 1313 3294 cum
1333 3213 1381 3292 ad
1399 3209 1494 3290 illud
1512 3210 1639 3321 ipsum
1656 3207 1910 3300 traherentur,
1938 3237 1988 3291 ex
2007 3229 2185 3291 contem·

835 3354 1003 3463 piatione
1023 3353 1224 3445 linearum,
1245 3380 1330 3461 quae
1348 3351 1512 3460 adsooos
1529 3350 1736 3459 pertinent.
1778 3350 1923 3458 Neque
1942 3349 2063 3441 enim,
2084 3337 2188 3459 quod

834 3509 919 3596 tam
936 3492 1060 3572 multa
1078 3520 1126 3572 ex
1143 3492 1204 3571 his
1223 3490 1425 3599 pendeant,
1445 3491 1590 3598 aliquid
1603 3492 1644 3570 in
1659 3483 1896 3570 Conieorum
1911 3488 2085 3572 dodirina
2100 3515 2186 3570 ma·

836 3629 896 3739 gis
916 3658 939 3709 a
959 3631 1177 3711 Geometris
1196 3628 1433 3709 elaboratum
1451 3629 1518 3720 est,
1540 3658 1659 3738 quam
1676 3629 1858 3712 linearum
1867 3628 2057 3736 jocalium
2081 3619 2188 3731 xire

836 3789 954 3880 atque
975 3770 1134 3852 indoles.
1171 3766 1304 3849 Primo
1323 3768 1480 3862 etenim,
1496 3766 1575 3849 fere
1595 3767 1694 3849 nihil
1713 3769 1754 3850 in
1776 3770 2011 3878 Opticorum
2032 3765 2189 3845 scientia

837 3936 911 4016 ope
932 3909 1155 3988 Sectionum
1174 3909 1410 3987 Conicarum
1429 3910 1567 4014 agitur,
1596 3908 1664 3987 ubi
1683 3937 1762 3989 non
1786 3908 1951 3989 emineat
1979 3905 2118 3985 harum
2136 3903 2186 3987 Ιί-

837 4072 990 4126 nearum
1008 4046 1173 4138 utilitum
1195 4074 1308 4156 porro
1328 4045 1633 4131 commodiffime
1652 4075 1721 4156 per
1739 4074 1800 4127 eas
1814 4045 2081 4127 describuntur
2095 4046 2187 4124 Sec·

838 4186 962 4266 tiones
982 4185 1082 4294 ipsae,
1113 4187 1188 4268 five
1207 4188 1255 4267 nd
1274 4186 1351 4269 hoc
1369 4187 1512 4300 pundia
1528 4183 1794 4277 adhibeantur,
1814 4186 1892 4265 five
1909 4201 2041 4264 motus
2059 4184 2186 4263 eonti-

838 4353 969 4421 nuus;
999 4344 1083 4409 tum
1108 4346 1239 4409 autem
1262 4353 1312 4406 ex
1338 4353 1471 4405 earum
1496 4322 1761 4405 affectionibus
1785 4323 1863 4405 fere
1884 4325 1997 4403 unice
2023 4322 2187 4404 demon-

839 4438 1005 4547 strantur
1021 4467 1297 4576 propositiones
1322 4466 1410 4558 iflae,
1439 4491 1604 4572 quarum
1623 4464 1679 4544 est
1696 4464 1822 4575 legem
1840 4462 2049 4555 ostendere,
2075 4461 2187 4568 juxta

841 4632 961 4715 quam
979 4632 1117 4715 corpus
1136 4606 1290 4718 aliquod
1309 4606 1350 4690 in
1368 4604 1542 4719 qualibet
1559 4631 1607 4689 ex
1627 4605 1864 4691 sectionibus
1877 4605 2039 4690 Conicis
2052 4629 2186 4685 move·

841 4758 928 4827 atur
955 4744 1098 4828 neceffe
1117 4744 1186 4846 est.

1969 4878 2189 4963 Geometris
