5184 6600
844 980 1017 1139 Caput
1058 977 1363 1095 Secundum.
1652 1031 1657 1036 ·
1668 1016 1785 1133 339

447 1232 745 1341 Propositionem
764 1240 887 1338 49³⁸&
925 1232 1043 1312 Paulo
1062 1233 1189 1341 postea
1213 1233 1260 1312 ad
1279 1233 1481 1313 diametros
1510 1233 1599 1313 alias
1630 1261 1716 1342 quae
1746 1235 1786 1312 in
1824 1245 1971 1365 aspara-

444 1372 577 1480 Ellipfi
615 1393 654 1452 et
696 1374 921 1480 Hyperbola
949 1375 1049 1468 sunt,
1084 1402 1292 1482 earumque
1329 1373 1549 1467 affectiones
1584 1373 1656 1454 sese
1687 1401 1783 1454 con·
1850 1331 1868 1368 N
1893 1330 1943 1368 ω’

445 1513 572 1590 vertit.

501 1649 642 1756 Qoad
671 1647 754 1729 hac
784 1651 915 1756 igitur,
945 1651 985 1729 id
1004 1651 1176 1759 primum
1194 1650 1373 1741 ostendit,
1402 1653 1544 1733 restam
1572 1650 1715 1732 lineam
1744 1650 1784 1728 in

443 1756 592 1893 Ellipsr,
622 1814 710 1893 quae
728 1787 939 1867 transversa
955 1788 1036 1892 ejus
1062 1786 1247 1869 diametro
1276 1788 1480 1868 ordinatim
1507 1788 1718 1897 applicatur
1746 1805 1785 1867 et

442 1951 528 2002 eam
558 1923 735 2004 bifariam
767 1926 881 2017 secat,
910 1926 1030 2034 ipsam
1057 1951 1212 2034 quoque
1241 1924 1469 2004 diametrum
1488 1923 1592 2032 vesse,
1623 1925 1728 2032 quod
1745 1942 1785 2003 et

443 2088 576 2141 omnes
597 2061 637 2140 in
657 2061 791 2169 Ellipli
811 2050 928 2141 restas
947 2064 1079 2153 lineas,
1110 2090 1195 2171 quae
1214 2062 1400 2143 diametro
1418 2061 1628 2142 transversae
1658 2063 1783 2171 paral-

442 2197 524 2276 lelae
540 2199 641 2291 sunt,
671 2199 843 2280 bifariam
869 2199 981 2282 secat.
1032 2200 1174 2280 Probat
1203 2200 1340 2284 deinde
1366 2202 1514 2288 ‘rectam
1534 2225 1702 2308 ,quoque
1733 2201 1783 2279 li-

369 2308 373 2320 x
429 2345 569 2429 vneam,
598 2366 683 2446 quae
699 2339 958 2448 oppofitarum
975 2337 1274 2447 hyperbolarum
1292 2336 1523 2450 diametrum
1543 2337 1784 2418 transversam
1814 2431 1818 2438 .

429 2474 617 2556 bifariam
646 2478 757 2569 secat,
786 2496 824 2557 et
841 2476 1017 2586 parallela
1035 2477 1092 2558 est
1110 2463 1220 2556 restae
1238 2476 1443 2557 ordinatim
1461 2475 1672 2585 applicatae,
1700 2477 1784 2555 dia-

441 2631 613 2694 metrum
630 2616 711 2720 ejus
730 2614 974 2722 conjugatam
991 2611 1079 2692 esse.
1128 2614 1265 2693 Centri
1289 2612 1486 2721 extemplo
1515 2631 1554 2692 et
1578 2614 1783 2696 diametro-
1823 2699 1826 2704 ,

443 2780 532 2833 rum
550 2753 801 2833 secundarum
818 2753 1058 2832 definitiones
1083 2755 1212 2834 tradit.
1260 2753 1458 2835 Postremo
1476 2753 1523 2832 de
1543 2755 1651 2832 restis
1670 2753 1714 2833 iis
1734 2752 1783 2832 li-

434 2892 523 2970 neis
543 2892 636 2998 agit,
665 2917 751 2998 quae
768 2890 948 2972 sectiones
968 2893 1199 2998 contingunt
1220 2910 1287 2972 aut
1317 2891 1456 2983 secant,
1485 2891 1532 2970 de
1561 2891 1607 2970 iis
1634 2890 1786 2998 insuper

440 3055 529 3134 quae
545 3027 737 3107 diametris
755 3045 978 3119 occurrunt,
1008 3046 1075 3108 aut
1093 3057 1179 3137 quae
1200 3030 1395 3110 diametris
1423 3028 1629 3109 ordinatim
1657 3029 1785 3138 appli-

444 3184 607 3260 cantur;
638 3184 754 3275 prout
783 3164 843 3246 res
875 3163 1053 3274 postulat,
1083 3166 1289 3249 sectionem
1319 3195 1437 3248 unam
1464 3168 1525 3248 vel
1548 3168 1640 3248 duas
1672 3168 1784 3249 srmul

442 3304 657 3414 respiciens.
705 3304 835 3386 Facile
863 3306 1004 3385 interea
1028 3307 1168 3387 Lector
1184 3334 1231 3388 ea
1249 3306 1436 3415 intelliget
1453 3309 1595 3399 omnia,
1626 3334 1712 3415 quae
1740 3305 1787 3385 de

444 3441 552 3523 lineis
583 3444 764 3525 sedtiones
790 3443 1001 3525 secantibus
1020 3445 1059 3524 in
1080 3442 1152 3553 hac
1169 3446 1293 3554 operis
1313 3445 1370 3525 sui
1386 3461 1492 3554 parte
1510 3443 1559 3525 ab
1580 3441 1787 3551 Apollonio

443 3580 581 3661 tradita
598 3582 713 3675 sunt3
742 3575 848 3691 quod
866 3599 995 3663 tamen
1014 3581 1060 3663 de
1078 3586 1269 3665 nonnullis
1294 3584 1383 3666 libri
1413 3585 1530 3694 primi
1559 3582 1786 3694 propositio-

364 3718 371 3722 ’
443 3723 557 3801 nibus
575 3724 762 3806 affirmare
780 3750 858 3802 non
877 3721 996 3800 ausrm
1009 3724 1133 3813 3-iis
1151 3723 1349 3813 nimirum,
1379 3750 1466 3829 qua
1494 3739 1534 3800 et
1560 3723 1601 3801 in
1625 3722 1788 3827 longum

445 3860 638 3968 produstae
656 3880 695 3942 et
714 3863 904 3940 rationum
923 3862 1220 3967 composrtarum
1245 3860 1314 3939 usu
1342 3857 1553 3967 multiplici
1580 3855 1785 3965 impedita,

419 4062 422 4067 .
445 3997 532 4078 satis
550 3997 645 4100 illud
664 3998 880 4088 ostendunt,
902 4024 1022 4106 quam
1040 3998 1348 4079 indefinenter'et
1367 3994 1542 4077 indefesse
1561 3996 1599 4075 in
1619 3997 1665 4074 iis
1684 3994 1785 4074 sem-

444 4166 515 4251 per
536 4136 702 4219 versatus
721 4138 790 4228 est,
808 4138 960 4245 'quibus
976 4137 1186 4217 auctiorem
1200 4135 1436 4217 Conicorum
1455 4132 1665 4224 scientiam,
1685 4132 1787 4213 etad

445 4257 532 4356 usus
556 4278 758 4386 ampliores
784 4274 959 4355 idoneam
988 4274 1210 4374 hominibus
1236 4274 1320 4382 post
1342 4273 1378 4352 se
1404 4272 1651 4378 relinqueret.
1700 4269 1790 4377 Qi-

445 4414 551 4494 istius
579 4416 695 4522 igitur
727 4413 851 4495 saeculi
882 4434 988 4495 erant
1017 4408 1290 4493 Mathematici
1321 4436 1400 4517 quo
1421 4409 1517 4485 vixit
1542 4403 1787 4516 Apollonius,

447 4552 721 4663 *summopere
739 4554 885 4663 semper
902 4551 1105 4633 laudabant
1122 4577 1240 4641 eum;
1269 4549 1339 4657 qui
1353 4563 1461 4626 aetate
1479 4546 1659 4636 minores,
1689 4541 1788 4622 nihil

489 4832 506 4863 ⁸
522 4832 544 4859 “
558 4825 686 4884 Testatur
700 4841 792 4885 autem
801 4828 939 4886 Geminus
952 4828 1026 4886 hunc
1039 4828 1160 4886 nostrum
1175 4820 1368 4900 Apollonium·
1380 4828 1494 4900 propter
1508 4819 1643 4879 eximium
1656 4817 1709 4875 1²0⁶
1725 4813 1785 4873 0⁰·

446 4922 574 4981 nieorum
598 4941 679 5000 opus,
700 4922 773 4984 inter
798 4924 838 4982 sui
852 4924 905 4982 aevi
925 4922 1146 4982 Mathematicos
1161 4918 1289 4977 Maeui
1309 4917 1519 4978 Grousrrtrs
1538 4935 1639 4976 nornen
1653 4912 1786 4989 adeptum

446 5018 533 5077 effe.”
575 5018 651 5089 Vide
663 5018 771 5079 Halleii
786 5019 981 5080 Praefationem
996 5017 1032 5079 ad
1047 5012 1193 5099 Apollonii
1208 5013 1327 5073 conica.

1143 5120 1284 5199 Uua
1710 5128 1790 5190 tam
