5184 6600
867 1021 946 1129 70
1074 982 1362 1097 Sechonum
1387 984 1696 1107 comarum
1738 984 1896 1102 Lm
1930 984 2004 1101 11.

1289 1263 1749 1407 rnor'xxvr.

677 1541 756 1618 ιω.
773 1545 822 1610 28,
858 1528 904 1608 Si
923 1555 944 1608 a
963 1535 1112 1638 pancio
1132 1533 1169 1611 A
1199 1535 1239 1613 in
1268 1558 1386 1612 curva
1414 1529 1608 1641 parabolae
1636 1529 1745 1609 ABC
1774 1529 1967 1611 ducantur
1986 1533 2072 1612 duae
2092 1534 2205 1614 redae

774 1643 822 1700 ²9·
919 1655 1009 1745 AF,
1033 1657 1111 1734 AD
1132 1654 1180 1733 ad
1213 1656 1451 1735 diametrum
1483 1653 1559 1745 ID,
1587 1649 1708 1729 altera
1728 1653 1891 1758 quidem
1922 1657 1997 1735 AF
2030 1656 2100 1764 ipsr
2161 1658 2205 1736 D

850 1789 852 1795 '
903 1766 1129 1856 'ordinatim
1149 1778 1355 1887 applicata,
1382 1777 1505 1857 altera
1523 1802 1616 1853 vero
1633 1775 1731 1867 AD,
1762 1776 1875 1853 restis
1888 1777 2104 1857 ordinatim
2138 1779 2205 1857 di·

919 1917 1068 1979 ametro
1087 1901 1154 1979 BE
1176 1900 1378 2009 applicatis
1397 1898 1597 2008 paranda,
1628 1895 1863 2003 quadratum
1880 1925 1932 1978 ex
1953 1902 2033 1978 AD
2054 1900 2206 2007 aequaie

917 2022 993 2101 erit
1015 2023 1242 2130 restangulo
1269 2023 1340 2102 sub
1361 2020 1518 2102 abscissa
1543 2020 1598 2099 IF
1617 2038 1656 2100 et
1670 2041 1891 2127 parametro
1920 2022 2103 2102 diametri
2133 2022 2206 2102 BE

912 2144 1214 2253 comprehenso.
1330 2249 1333 2257 ι

678 2339 759 2400 Μ·
772 2342 823 2400 28·
942 2346 1090 2435 RIMO,
1115 2364 1277 2421 occurrat
1294 2346 1388 2420 reeta
1407 2347 1478 2418 AD
1492 2344 1666 2418 diametro
1684 2342 1740 2416 ID
1759 2342 1850 2416 intra
1865 2344 2083 2442 parabolam.
2113 2346 2208 2420 Pro·

966 2457 1117 2530 ducatur
1129 2460 1202 2532 AD
1216 2477 1256 2531 ut
1272 2458 1446 2532 diametro
1460 2459 1521 2532 BE
1532 2477 1696 2531 occurrat
1708 2458 1744 2530 in
1758 2458 1893 2553 pundo
1905 2454 1961 2542 E,
1976 2478 2013 2530 et
2025 2459 2121 2534 tedia
2135 2462 2207 2534 ΑΕ

863 2573 1037 2645 diametro
1055 2572 1116 2644 BE
1130 2574 1292 2647 ordinata
1304 2570 1383 2658 erit,
1408 2596 1471 2669 per
1484 2570 1691 2671 hypothesm
1705 2589 1741 2643 et
1757 2571 1842 2643 Cor.
1858 2593 1892 2642 a.
1921 2570 2028 2668 Prop.
2044 2594 2079 2665 3.
2123 2574 2208 2646 Du·

864 2705 965 2758 catur
977 2687 1189 2785 contingens
1207 2687 1301 2774 AH‚
1329 2687 1511 2762 diametris
1528 2688 1597 2773 DI,
1617 2686 1680 2759 ΕΒ
1697 2685 1877 2783 ριοάυᾶἰε
1895 2686 1931 2759 in
1943 2688 2085 2783 pundis
2101 2687 2157 2775 H,
2170 2689 2209 2761 K

863 2822 1063 2875 occurrens.
1113 2799 1192 2873 Erit
1218 2800 1329 2897 igitur
1350 2801 1566 2900 quadratum
1590 2825 1635 2874 ex
1660 2801 1740 2874 AH
1758 2802 1803 2874 ad
1823 2802 2039 2900 quadratum
2059 2826 2103 2875 ex
2119 2803 2209 2891 AK,

832 2957 835 2970 ·
864 2940 928 3015 per
940 2916 1025 2990 Cor.
1045 2940 1080 2991 a.
1097 2916 1203 3016 Prop.
1227 2940 1283 2990 ιο.
1310 2936 1351 2991 ut
1364 2918 1422 2991 HI
1440 2917 1485 2990 ad
1497 2917 1584 3001 KB,
1609 2915 1679 2989 hoc
1693 2913 1759 3003 est,
1772 2914 1942 3013 quoniam
1960 2914 2208 3014 suntaequales

864 3054 929 3127 per
945 3031 1051 3129 Prop.
1072 3033 1106 3103 6.
1126 3031 1201 3119 HI,
1219 3031 1280 3119 11²,
1300 3031 1353 3104 uti
1370 3035 1478 3105 etiam
1495 3032 1574 3120 KB,
1591 3032 1668 3119 BE,
1686 3048 1726 3104 ut
1741 3029 1885 3105 absciffa
1898 3033 1946 3104 IF
1961 3031 2005 3103 ad
2023 3032 2209 3106 absciffam

864 3149 942 3222 BE.
995 3148 1056 3221 Ob
1080 3146 1208 3220 similia
1230 3168 1351 3222 autem
1367 3147 1545 3245 triangula
1564 3167 1600 3220 et
1616 3147 1770 3220 Lemma
1786 3171 1824 3236 4.
1847 3173 1877 3221 1.
1904 3146 1972 3219 erit
1990 3147 2208 3244 quadratum

865 3287 910 3336 ex
928 3262 1008 3337 AH
1025 3261 1070 3336 ad
1090 3262 1305 3360 quadratum
1328 3287 1374 3336 ex
1391 3262 1465 3335 ΑΚ
1484 3279 1525 3334 ut
1540 3260 1757 3359 quadratum
1773 3284 1818 3335 ex
1836 3262 1910 3335 AD
1928 3261 1973 3335 ad
1991 3260 2208 3360 quadratum

865 3375 911 3450 err
938 3377 1018 3453 ΑΕ.
1071 3378 1194 3476 Qrare
1221 3383 1300 3471 (11.
1322 3399 1359 3471 5,
1374 3393 1411 3450 et
1435 3374 1660 3463 invertendo)
1687 3393 1730 3448 ut
1755 3374 1820 3448 BE
1844 3375 1889 3448 ad
1907 3375 1954 3448 IF
1979 3373 2028 3447 ita
2050 3373 2210 3448 sehabet

868 3490 1083 3590 quadratum
1100 3490 1233 3563 ex‘AE
1250 3490 1295 3562 ad
1310 3488 1526 3588 quadratum
1543 3510 1589 3560 ex
1603 3488 1703 3573 AD,
1727 3506 1766 3560 et
1786 3508 1976 3585 propterea
1998 3487 2104 3560 tertia
2120 3513 2207 3586 pro·

866 3603 1073 3704 portionalis
1095 3602 1198 3678 rectis
1220 3605 1297 3692 BE,
1316 3605 1399 3690 AB,
1426 3603 1464 3677 id
1477 3599 1528 3675 est
1543 3620 1741 3698 parameter
1757 3602 1924 3678 diametri
1939 3604 2002 3679 BE
2016 3628 2080 3702 per
2095 3605 2209 3678 Lem-

866 3742 927 3793 ma
940 3743 1025 3817 pag.
1044 3741 1104 3816 53.
1124 3716 1193 3793 erit
1209 3718 1322 3793 etiam
1339 3717 1443 3793 tertia
1465 3717 1741 3815 proportionalis
1759 3720 1863 3794 redtia
1880 3721 1942 3808 IF,
1970 3722 2056 3795 AD.
2108 3719 2211 3818 Ergo

866 3833 1113 3932 rediangulum
1131 3832 1194 3908 sub
1214 3835 1265 3909 IF
1283 3851 1321 3909 et
1335 3849 1539 3934 parametro
1554 3830 1718 3907 diametri
1737 3833 1800 3907 BE
1819 3835 1900 3934 (ιγ.
1918 3834 1973 3925 6.)
1991 3835 2128 3934 aequaie
2142 3832 2210 3910 erit

866 3947 1040 4045 quadrato
1055 3974 1099 4024 ex
1115 3952 1204 4023 AD.

915 4064 1092 4153 Secundo,
1117 4082 1279 4138 occurrat
1304 4066 1378 4138 AD
1400 4063 1577 4139 diametro
1593 4065 1642 4141 IF
1663 4067 1849 4167 produdiae
1874 4084 1971 4142 extra
1989 4068 2209 4169 parabolam.

866 4179 1127 4255 Occurrat-AF
1145 4179 1320 4277 produdta
1341 4201 1461 4253 curvae
1480 4178 1610 4253 iterum
1627 4179 1663 4253 in
1687 4181 1821 4278 puncto
1837 4182 1896 4272 G,
1923 4200 1961 4255 et
1978 4206 1999 4253 a
2017 4181 2150 4281 pundto
2171 4181 2209 4256 G

866 4294 1019 4370 ducatur
1044 4295 1218 4370 diametro
1243 4295 1307 4369 BE
1336 4294 1498 4369 ordinata
1526 4295 1608 4385 GE,
1635 4295 1699 4393 ipfi
1729 4297 1779 4370 IF
1801 4296 1837 4370 in
1862 4295 1998 4394 pundo
2024 4297 2061 4370 L
2081 4319 2209 4370 occur·

867 4430 956 4485 rem.
1007 4412 1058 4485 Et
1079 4410 1249 4509 quoniam
1270 4410 1351 4484 sunt
1371 4411 1460 4498 AD,
1482 4411 1555 4486 GL
1578 4411 1757 4510 parallelae
1780 4436 1844 4510 per
1867 4412 1951 4489 Cor.
1977 4413 2082 4511 Prop.
2108 4436 2148 4502 4,
2173 4429 2211 4486 et

869 4523 1186 4611 constmdtionem3
1200 4546 1237 4599 et
1253 4525 1406 4625 aequales
1423 4526 1504 4615 AF,
1519 4527 1550 4600 F
1551 4527 1587 4599 G
1594 4561 1606 4611 ς
1619 4545 1723 4601 erunt
1734 4529 1802 4626 (29
1818 4546 1856 4601 et
1868 4528 1927 4601 26.
1952 4530 2002 4619 ι.)
2020 4527 2106 4612 ΑΙ),
2124 4524 2209 4612 GL,

867 4638 1031 4735 aequales.
1082 4640 1164 4730 Sed,
1189 4667 1252 4740 per
1281 4640 1441 4741 primum
1472 4640 1617 4742 hujusce
1652 4639 1782 4732 casum,
1809 4641 2022 4740 quadratum
2053 4665 2101 4714 ex
2136 4639 2208 4714 GL

867 4752 1007 4851 aequale
1036 4752 1085 4826 e'st
1110 4754 1316 4853 redtangulo
1337 4753 1403 4829 sub
1428 4754 1477 4829 IF
1502 4774 1540 4828 et
1563 4775 1765 4853 parametro
1790 4757 1956 4831 diametri
1982 4754 2059 4830 BE.
2109 4754 2210 4852 Ergo

832 4886 835 4887 *
867 4867 1082 4966 quadratum
1100 4891 1146 4944 ex
1159 4869 1234 4946 AD
1251 4866 1390 4968 aequale
1405 4867 1456 4945 est
1470 4866 1588 4946 eidem
1601 4871 1820 4970 tetrangulo.
1864 4870 1915 4971 Q
1930 4873 1975 4947 Ε.
1991 4871 2040 4946 D.

1817 5198 1822 5203 ⁴
2025 5101 2209 5181 raon
