5184 6600
653 1141 655 1146 .
799 1002 915 1120 132
1012 961 1300 1082 SerJz‘onam
1327 962 1635 1086 conicarum
1673 969 1807 1086 Lm.
1838 968 1945 1085 IV.

793 1212 990 1265 occurrens.
1033 1188 1082 1262 Er
1097 1187 1269 1285 quoniam
1290 1189 1342 1263 ob
1365 1187 1489 1262 similia
1508 1187 1685 1285 triangula
1700 1206 1737 1261 et
1759 1190 1915 1263 Lemma
1929 1212 1967 1277 4.
1986 1185 2075 1260 [rib.
2099 1211 2132 1263 r.

793 1325 834 1378 ut
849 1304 1122 1402 quadratum‘ex
1137 1303 1168 1375 F
1170 1304 1212 1376 H
1229 1302 1274 1374 ad
1299 1295 1512 1401 quadratum
1529 1328 1573 1377 ex
1588 1305 1657 1377 EG
1683 1304 1732 1378 ira
1747 1305 1961 1403 quadratum
1985 1327 2030 1377 ex
2046 1303 2131 1378 NH

793 1419 839 1492 ad
854 1418 1067 1516 quadratum
1084 1440 1128 1489 ex
1145 1417 1233 1504 NG,
1260 1416 1329 1491 hoc
1347 1419 1395 1492 est
1407 1418 1624 1517 quadratum
1641 1444 1683 1492 ex
1698 1421 1777 1494 HL
1793 1421 1838 1492 ad
1855 1419 2066 1517 quadratum
2086 1442 2132 1493 ex

698 1588 701 1593 -
793 1536 893 1621 GD;
919 1552 955 1607 et
968 1557 1032 1633 per
1045 1533 1310 1631 praecedentem
1331 1554 1372 1607 ut
1394 1536 1612 1633 quadratum
1636 1558 1680 1609 ex
1697 1536 1771 1612 FH
1783 1535 1833 1609 ad
1855 1533 2069 1631 quadrarum
2085 1557 2132 1605 err

794 1647 864 1720 EG
888 1647 937 1721 ita
962 1649 1174 1745 quadratum
1203 1674 1247 1723 ex
1280 1650 1357 1723 HL
1388 1650 1432 1722 ad
1461 1648 1672 1747 quadratum
1696 1674 1741 1721 ex
1756 1649 1851 1722 GK:
1879 1647 1946 1721 erit
1974 1654 2053 1740 (rr.
2072 1648 2130 1742 5.)

794 1761 1003 1857 quadratum
1021 1786 1065 1834 err
1087 1764 1165 1835 HL
1181 1761 1226 1835 ad
1242 1763 1458 1860 quadratum
1481 1786 1525 1835 err
1541 1762 1613 1834 GD
1631 1780 1672 1834 ut
1694 1761 1910 1858 quadratum
1929 1784 1973 1832 ex
1987 1758 2068 1831 HL
2084 1758 2132 1833 ad

736 1859 740 1871 ¹
792 1875 1004 1972 quadratum
1022 1899 1065 1948 ex
1080 1876 1162 1948 GK.
1205 1875 1331 1975 ltaque
1353 1878 1565 1973 quadratum
1585 1899 1629 1948 ex
1645 1875 1717 1947 GD
1737 1875 1873 1973 :equale
1891 1873 1939 1947 est
1955 1873 2131 1971 quadrato

793 2013 838 2061 ex
856 1989 941 2074 GK,
958 1988 1027 2062 hoc
1043 1987 1091 2060 est
1103 1990 1307 2085 rediangulo
1324 1991 1412 2064 CGI
1431 1994 1509 2084 (36.
1530 1992 1594 2087 3.).
1623 1990 1722 2087 Ergo
1739 1991 1833 2062 resta
1848 1972 1924 2061 LN
1936 2011 1999 2084 per
2012 2012 2129 2083 punc-

793 2122 871 2209 tum
889 2103 925 2174 D
943 2103 1120 2192 transrens,
1144 2101 1304 2176 transibit
1326 2124 1390 2199 per
1413 2103 1617 2175 contadtum
1637 2102 1684 2187 K,
1701 2126 1766 2200 per
1782 2103 1865 2173 Cor.
1889 2122 1919 2171 1.
1940 2101 2045 2193 Prop.
2067 2102 2130 2173 28.

794 2216 877 2290 Lib.
901 2240 932 2292 1.
981 2285 983 2288 ,

841 2333 925 2402 Cor.
952 2324 1182 2401 Manifestum
1200 2327 1248 2402 est
1265 2329 1364 2425 quod
1380 2329 1475 2401 reeta
1486 2330 1558 2401 KL
1573 2328 1747 2400 diametro
1761 2328 1828 2397 AB
1842 2350 1911 2398 non
1930 2323 1979 2396 est
1995 2324 2039 2396 ad
2052 2348 2126 2397 rec·

794 2462 848 2515 tos
866 2442 1029 2539 angulos.
1072 2442 1109 2513 Si
1127 2444 1221 2515 enim
1247 2444 1321 2516 fieri
1336 2442 1462 2541 potest,
1480 2441 1651 2539 quoniam
1677 2440 1757 2512 sunt
1780 2441 1932 2537 aequalia
1956 2440 2127 2536 quadrata

793 2579 837 2626 ex
853 2554 938 2639 KG,
956 2554 1040 2639 GD,
1065 2555 1171 2627 ellent
1188 2559 1339 2656 aequalia
1363 2561 1441 2655 (47.
1466 2559 1515 2646 1.)
1532 2558 1701 2654 quadrata
1717 2580 1760 2628 ex
1777 2559 1865 2644 KN,
1881 2558 1970 2644 ND,
1987 2577 2022 2626 et
2036 2553 2124 2626 bifa-

793 2668 882 2741 riam
900 2667 1072 2739 secaretur
1094 2670 1187 2742 redta
1207 2674 1278 2746 KD
1305 2672 1339 2745 in
1365 2673 1499 2770 puneto
1516 2673 1568 2744 N.
1614 2674 1736 2757 Porro,
1753 2672 1846 2745 reeta
1872 2673 1943 2745 KL
1964 2668 2127 2744 bifariam

793 2780 964 2854 secaretur
979 2780 1015 2853 in
1032 2783 1165 2878 pundlo
1184 2789 1217 2860 N
1239 2792 1292 2881 (3.
1312 2786 1365 2879 3.)
1383 2785 1482 2883 quod
1497 2783 1545 2860 est
1562 2783 1763 2861 absurdum.

1214 3056 1314 3138 PR
1345 3060 1383 3137 O
1414 3058 1461 3137 P.
1540 3059 1704 3140 XXlll.

791 3247 850 3328 Sit
868 3247 971 3325 retia
984 3242 1055 3322 AB
1072 3241 1261 3326 diameter
1279 3242 1548 3355 hyperbolaeB
1567 3265 1686 3355 atque
1702 3246 1818 3327 etiam
1840 3242 1979 3326 circuli
1999 3247 2125 3345 ΑΕΒ,

846 3389 886 3451 et
908 3369 948 3446 in
969 3363 1041 3445 AB
1062 3367 1252 3475 produdld
1266 3367 1439 3448 sumatur
1450 3373 1645 3477 pundum
1662 3371 1828 3478 quodvis
1845 3369 1888 3448 H
1901 3408 1914 3463 3
1937 3396 1958 3448 a
1976 3373 2126 3476 puncto

845 3492 891 3573 Η
910 3490 1076 3569 ducatur
1097 3493 1198 3568 tedia
1216 3491 1298 3570 HL
1319 3493 1515 3572 circulum
1538 3494 1578 3572 in
1600 3495 1634 3573 L
1655 3494 1904 3599 contingens,
1925 3510 1964 3570 et
1983 3491 2062 3571 HF
2082 3494 2124 3570 in

851 3611 1068 3722 hyperbold
1086 3611 1276 3693 diametro
1297 3615 1368 3693 AB
1388 3615 1578 3708 ordinata,
1596 3637 1668 3695 eta
1686 3619 1830 3724 puudto
1852 3616 1885 3694 L
1902 3615 2126 3697 dimittatur

845 3736 893 3816 ad
909 3737 1147 3815 diametrum
1167 3737 1499 3845 perpendicularis
1520 3739 1616 3832 LN,
1632 3756 1670 3818 et
1682 3739 1873 3848 jungatur
1893 3739 1971 3818 NF
1986 3774 1999 3830 3
2022 3741 2126 3818 reeta

845 3861 924 3940 NF
943 3858 1149 3971 continget
1170 3859 1442 3967 hyperbolum.

863 4073 995 4146 renim
1021 4097 1091 4146 non
1115 4072 1303 4169 contingit,
1323 4099 1447 4171 ,curvae
1472 4075 1598 4147 iterum
1622 4074 1657 4147 in
1680 4075 1813 4170 pundlo
1836 4071 1868 4143 E
1893 4088 2068 4160 occurrat,
2087 4094 2126 4146 et

879 4186 1030 4258 ducatur
1046 4185 1205 4257 ordinata
1222 4186 1303 4259 EG.
1346 4188 1509 4259 Ducatur
1526 4187 1597 4259 GK
1616 4186 1789 4258 circulum
1808 4185 2017 4280 contingens
2034 4186 2069 4256 in
2089 4188 2125 4260 K

789 4301 835 4374 ad
859 4298 1048 4372 contradas
1068 4318 1186 4394 partes
1207 4298 1367 4374 diametri
1394 4303 1460 4375 AB
1486 4302 1527 4377 iis
1554 4301 1598 4373 ad
1623 4325 1711 4397 quas
1735 4301 1784 4375 est
1802 4300 1891 4376 HL.
1936 4304 2034 4375 Tum
2061 4325 2126 4396 per
2252 4373 2255 4377 ,

788 4412 1061 4510 praecedenrem,
1078 4411 1171 4484 redta
1188 4411 1261 4485 LN
1277 4412 1453 4510 produlia
1472 4414 1628 4486 transrbit
1645 4438 1708 4510 per
1720 4415 1895 4510 punitum
1913 4415 1959 4502 K,
1977 4429 2013 4486 et
2029 4416 2125 4486 resta

788 4527 872 4600 LN,
887 4549 951 4620 per
969 4525 1054 4596 Cor.
1083 4523 1127 4598 ad
1150 4548 1257 4622 praec.
1278 4549 1349 4598 nou
1375 4527 1442 4601 erit
1465 4528 1510 4599 ad
1535 4529 1646 4601 redlos
1669 4528 1818 4623 angulos
1842 4526 2019 4601 diametro
2042 4530 2124 4614 AB,

790 4658 913 4712 contra
929 4638 1245 4712 constructionem:
1272 4639 1377 4736 quod
1395 4641 1444 4720 est
1469 4641 1670 4719 absurdum.
1711 4643 1813 4743 Ergo
1837 4644 1932 4719 resta
1945 4643 2016 4715 NF
2035 4666 2122 4715 con·

789 4750 897 4846 tingit
912 4749 1156 4846 hyperbolum.

838 4867 918 4938 Cor.
945 4865 983 4936 Si
1001 4864 1094 4937 reda
1111 4867 1181 4938 NF
1199 4864 1383 4961 contingat
1401 4868 1631 4966 hyperbolum
1649 4868 1685 4941 in
1702 4873 1835 4966 punelo
1849 4870 1891 4956 F,
1907 4889 1943 4940 et
1960 4888 2124 4943 occurrat

788 4980 964 5055 diametro
981 4980 1177 5055 transversae
1193 4980 1230 5056 in
1246 4981 1380 5079 punfto
1396 4984 1458 5071 N3
1477 5004 1511 5058 et
1529 4984 1554 5057 sr
1572 4985 1723 5059 ducatur
1740 5011 1760 5058 a
1778 4986 1941 5058 conrado
1959 4982 2124 5060 ordinata

2047 5099 2078 5170 F
2080 5099 2122 5173 H
