5184 6600
699 1069 701 1074 ,
775 1021 869 1142 54
932 998 935 1015 '
993 979 1283 1100 Senianum
1307 978 1616 1107 Crudarum
1657 984 1714 1100 L
1729 1020 1748 1099 1
1766 1017 1817 1100 Β.
1850 986 1925 1102 ll.

785 1206 882 1278 reda
898 1204 977 1279 AH
1005 1205 1108 1278 rectis
1136 1207 1215 1292 AB,
1242 1204 1313 1278 DE
1342 1206 1446 1279 tertia
1469 1204 1742 1303 proportionalis
1754 1240 1767 1294 3
1794 1206 1860 1283 erit
1881 1229 2026 1307 quoque
2041 1202 2125 1281 {Al-I

785 1317 887 1392 rectis
902 1320 985 1403 AC,
1012 1321 1042 1392 F
1043 1320 1079 1394 G
1095 1319 1198 1396 tertia
1213 1318 1495 1417 proportionalis.

700 1517 702 1520 ¹
819 1433 889 1541 ‚Sit
910 1434 1008 1507 enim
1031 1430 1111 1506 AH
1130 1433 1173 1505 ad
1193 1435 1306 1506 raetos
1323 1432 1472 1531 angulos
1493 1431 1601 1505 redte
1615 1430 1700 1520 AC,
1725 1450 1761 1505 et
1779 1434 2025 1532 compleantur
2039 1458 2124 1532 par-

783 1545 1051 1645 allelogramma
1066 1549 1151 1634 ΗΒ,
1169 1550 1245 1621 HC
1255 1581 1265 1633 3
1285 1559 1321 1621 et
1345 1546 1517 1646 quoniam
1535 1566 1576 1620 ut
1589 1548 1658 1646 AB
1675 1547 1720 1619 ad
1736 1550 1808 1621 DE
1818 1548 1869 1621 ita
1882 1550 1954 1623 DE
1971 1547 2017 1621 ad
2029 1550 2123 1637 AH,
2240 1599 2242 1603 ·

732 1735 736 1744 ,
780 1659 850 1746 erit
879 1670 958 1757 (17.
992 1663 1047 1758 6.)
1076 1664 1450 1762 parallelogrammum
1483 1649 1555 1743 ΗΒ
1588 1660 1761 1757 quadrato
1788 1683 1832 1732 ex
1867 1661 1938 1733 DE
1970 1661 2122 1760 aequale.

783 1775 917 1850 Rursus
944 1784 996 1871 (1.
1017 1780 1070 1869 6.)
1095 1778 1470 1876 parallelogrammum
1496 1776 1568 1847 ΗΒ
1593 1774 1638 1846 ad
1655 1766 2033 1872 parallelogrammum
2047 1776 2123 1854 HC

783 1890 935 1986 eandem
962 1893 1072 1966 habet
1095 1893 1267 1966 rationem
1290 1915 1401 1989 quam
1426 1892 1521 1962 reita
1539 1883 1605 1960 AB
1626 1886 1671 1964 ad
1699 1887 1833 1960 restam
1861 1888 1930 1962 AC
1939 1922 1950 1971 ς
1995 1906 2032 1960 et
2057 1910 2124 1987 per

784 2005 937 2103 hypoth.
967 2008 1062 2080 resta
1092 2009 1156 2080 AB
1183 2007 1228 2079 ad
1253 2007 1386 2080 restam
1412 2005 1481 2077 Ac
1507 2002 1656 2075 eandem
1676 2000 1786 2074 habet
1811 2002 1984 2075 rationem
2012 2027 2124 2100 quam

694 2183 696 2189 .
783 2120 998 2216 quadratum
1010 2148 1053 2194 ex
1070 2122 1142 2195 DE
1159 2122 1204 2194 ad
1222 2121 1435 2221 quadratum
1452 2141 1496 2191 ex
1512 2119 1542 2192 F
1545 2117 1590 2191 G.
1618 2117 1994 2214 Parallelogrammum
2011 2117 2126 2215 igitur

760 2237 864 2329 ‘(rr.
896 2236 950 2332 gr)
978 2237 1049 2308 HB
1077 2236 1184 2308 habet
1207 2235 1253 2307 ad
1279 2233 1650 2330 parallelogrammum
1678 2233 1752 2305 HC
1766 2234 1924 2306 eandem
1949 2232 2124 2307 rationem

709 2437 712 2442 ⁵
785 2373 897 2447 quam
912 2337 1128 2448 quadratum
1141 2376 1185 2422 ex
1200 2348 1272 2421 DE
1286 2347 1332 2419 ad
1348 2349 1558 2444 quadratum
1575 2371 1618 2418 ex
1636 2348 1666 2419 F
1667 2346 1714 2420 G.
1743 2346 2125 2443 Parallelogrammum

722 2484 726 2494 ·
786 2481 905 2535 autern
922 2465 995 2536 ΗΒ
1011 2464 1147 2562 aequale
1164 2462 1213 2536 est
1228 2461 1402 2560 quadrato
1419 2486 1463 2535 ex
1475 2463 1559 2552 DE,
1579 2480 1615 2533 et
1631 2481 1818 2561 propterea
1836 2468 1915 2558 (14.
1936 2464 1990 2559 ς.)
2005 2462 2125 2560 paral·

784 2576 1060 2675 ltlogrammum
1079 2579 1152 2652 HC
1178 2577 1316 2676 aequale
1332 2576 1506 2674 quadrato
1522 2600 1567 2649 ex
1588 2569 1680 2650 FG.·
1720 2580 1811 2650 Sunt
1837 2576 1948 2675 igitur
1964 2585 2041 2677 (17.
2066 2578 2123 2668 6.)

783 2692 891 2766 κᾶε
907 2694 990 2781 AC,
1007 2693 1087 2783 FG,
1113 2694 1191 2766 AH
1209 2690 1501 2791 proportionales.
1538 2689 1586 2787 Q
1603 2691 1715 2765 ΕΛ).

1090 3036 1628 3126 DEFINITIO
1692 3031 1807 3123 Vm.

621 3389 624 3392 ,
785 3310 865 3478 Sl
890 3338 911 3387 a
934 3315 1069 3411 punito
1091 3303 1129 3386 in
1151 3313 1262 3388 curva
1283 3308 1464 3413 parabolae
1487 3313 1639 3389 ducatur
1661 3313 1706 3389 ad
1722 3315 1938 3390 diametrum
1954 3317 2062 3406 reita,
2088 3320 2124 3395 ei

459 3472 468 3493 r
865 3427 1056 3501 ordinatim
1073 3426 1271 3526 applicata;
1288 3429 1386 3502 tedia
1398 3451 1481 3527 quae
1497 3428 1546 3501 est
1560 3427 1665 3501 tertia
1680 3428 1954 3526 proportionalis
1972 3430 2125 3507 absciliae

631 3584 664 3613 .'
780 3543 823 3616 et
840 3540 1023 3630 ordinatae,
1049 3539 1178 3615 dicitur
1194 3539 1291 3616 istius
1306 3542 1470 3621 diametri
1484 3546 1595 3621 Latus
1610 3546 1746 3619 Retlum
1762 3544 1833 3620 srve
1847 3545 2082 3622 Parauaea·

1260 3868 1502 3952 PROP
1568 3870 1642 3952 XI.

784 4123 988 4232 Qadrata
1012 4126 1203 4205 redarum
1233 4149 1322 4232 quae
1337 4123 1395 4204 'ad
1414 4124 1654 4208 diametrum
1680 4126 1874 4237 parabola
1906 4127 2120 4210 ordinatim
2161 4091 2167 4097 .
2302 4113 2307 4122 ’

840 4245 1103 4356 applicantur,
1119 4246 1282 4357 aqualia
1301 4245 1390 4327 sunt
1403 4247 1639 4356 reciangulia
1658 4246 1729 4329 sub
1743 4248 1918 4358 ejusdem
1937 4250 2130 4334 diametri·

808 4370 1006 4452 „absciffia
1019 4389 1066 4452 et
1084 4388 1305 4482 parametro
1325 4371 1540 4461 contentis.

602 4619 681 4707 rra.
699 4640 711 4685 1
718 4639 751 4701 a
859 4609 1121 4706 Annaeum
1145 4612 1245 4684 arc
1274 4610 1316 4685 nt
1339 4612 1514 4709 diameter
1534 4590 1623 4702 aa
1640 4613 1698 4687 eur
1724 4611 1791 4686 nne
1813 4613 1917 4686 κᾶε
1939 4556 2017 4699 rra,
2039 4611 2123 4711 'HG

885 4721 1078 4808 ordinatae3
1098 4740 1135 4796 et
1145 4723 1186 4796 fit
1203 4724 1297 4797 reda
1308 4723 1510 4798 P'abscilsae
1523 4727 1583 4799 BF
1601 4743 1637 4797 et
1648 4724 1820 4800 ordinatae
1836 4724 1900 4798 EF
1917 4726 2019 4799 tertia
2035 4750 2124 4823 pro·

783 4833 1005 4930 portionalis,
1018 4852 1055 4907 et
1070 4834 1219 4932 proinde
1231 4835 1395 4910 diametri
1408 4837 1467 4908 BF
1483 4853 1686 4933 parameter
1694 4861 1760 4935 per
1774 4835 1856 4913 Def.
1876 4837 2014 4932 83dico
2029 4841 2123 4912 rest·

780 4947 961 5046 angulum
976 4946 1041 5025 sub
1059 4946 1205 5025 abscidi
1216 4948 1277 5026 BF
1300 4967 1335 5027 et
1349 4953 1589 5050 parametrol'
1610 4952 1783 5051 quadrato
1806 4977 1851 5029 ex
1867 4949 2029 5143 magnati
2043 4953 2123 5141 ῗΞἙ,

1874 5091 1913 5143 re
1951 5091 2044 5167 ango
2057 5090 2122 5142 um
