5184 6600
888 1002 987 1123 Dr
1027 999 1350 1167 ijrrbala.
1674 1006 1783 1124 161

510 1227 564 1301 Sit
588 1241 751 1301 centrum
776 1222 860 1299 Cet
886 1222 1076 1321 asymptnti
1094 1224 1175 1313 CK,
1193 1223 1274 1299 CL.
1321 1219 1489 1298 Biiariam
1506 1220 1639 1296 secetur
1661 1206 1764 1297 CK
1756 1247 1792 1294 rn

460 1343 596 1443 punctu
612 1342 643 1429 1,
662 1359 699 1413 et
714 1340 865 1415 ducatur
879 1364 944 1455 per
963 1342 1139 1440 pundum
1158 1339 1284 1412 Irecta
1302 1340 1355 1421 ΙΒ
1370 1336 1573 1434 asumptum
1589 1336 1656 1409 CL
1673 1337 1791 1451 paral-

460 1456 541 1544 lela,
562 1481 626 1529 uni
615 1454 934 1553 thperbolarum
965 1476 1053 1555 puta
1069 1455 1130 1528 G
1121 1480 1156 1527 ιη
1180 1454 1376 1552 ρυηΒοΒ,
1392 1475 1591 1538 occurrens,
1610 1430 1707 1549 quod
1729 1473 1792 1547 per

462 1572 547 1646 Cor.
565 1594 600 1666 3.
619 1566 701 1645 Des.
725 1595 780 1662 14.
799 1572 875 1645 fieti
892 1571 1014 1669 potest.
1065 1572 1248 1668 Jungatur
1263 1570 1341 1656 KB,
1367 1586 1404 1641 et
1419 1566 1513 1640 reda
1529 1569 1593 1641 KB
1612 1564 1790 1664 hyperbo-

461 1687 535 1762 lam
555 1685 749 1784 continget.
791 1685 890 1758 Nam
914 1705 1076 1760 occurrat
1096 1687 1189 1759 reda
1212 1672 1285 1759 ΚΒ
1311 1683 1510 1781 asymptoto
1527 1680 1625 1755 CL
1616 1706 1652 1752 m
1674 1681 1729 1765 L;
1757 1685 1793 1751 e't

459 1820 606 1900 propter
621 1801 773 1897 aequales
789 1800 856 1887 ΚΙ,
882 1802 944 1889 lC,
969 1820 1004 1873 et
1020 1799 1203 1898 parallelas
1220 1799 1280 1886 ΙΒ,
1306 1798 1389 1884 CL,
1413 1796 1479 1869 erit
1495 1795 1560 1868 KB
1577 1794 1641 1891 ipsr
1658 1795 1725 1867 BL
1741 1816 1791 1866 ae·

459 1914 590 2015 qualis
632 1913 733 2012 Ergo
749 1914 843 1986 reda
858 1916 931 1988 KL
945 1916 1127 2011 continget
1143 1912 1389 2010 hyperbolam,
1414 1934 1477 2010 per
1491 1934 1565 1985 cor.
1583 1911 1691 2017 Prop.
1704 1931 1766 1997 41.

511 2028 678 2118 Secundo
697 2027 763 2101 fint
784 2029 879 2101 datae
900 2028 1104 2126 hyperbolae
1123 2028 1172 2115 G,
1179 2027 1233 2099 Μ
1248 2045 1285 2101 et
1298 2026 1471 2125 pundum
1484 2025 1524 2097 N
1541 2043 1639 2098 extra
1653 2047 1711 2096 eas
1730 2046 1791 2094 ne·
1831 2029 1868 2087 Fr
1875 2045 1907 2087 e
1899 2047 1974 2107 44.,

460 2167 531 2243 que
546 2162 703 2217 centrum
721 2167 837 2241 neque
853 2143 891 2217 in
906 2142 1105 2241 asumptum
1119 2142 1296 2242 pulitumr
1320 2159 1463 2240 oportet
1479 2164 1499 2213 a
1514 2141 1648 2244 pundo
1660 2139 1699 2213 N
1715 2162 1792 2212 rec·
1921 2128 1973 2188 ⁴⁵·

457 2278 536 2333 tam
551 2257 681 2330 ducere
697 2281 779 2355 quae
791 2281 900 2330 unam
913 2256 1188 2354 hypemolarurn
1202 2255 1398 2353 continget.

511 2369 715 2446 Inveniatur
736 2391 900 2446 centrum
920 2371 965 2457 C,
986 2393 1051 2467 per
1063 2371 1149 2443 Cor.
1169 2393 1204 2446 a.
1230 2371 1336 2467 Prap.
1354 2372 1390 2442 8.
1407 2387 1445 2443 et
1469 2392 1533 2468 pes
1553 2370 1729 2471 pundum
1755 2370 1792 2442 N
1872 2445 1877 2459 ,

457 2483 611 2562 ducatur
632 2482 805 2558 diameter
826 2482 907 2557 ΑΒ.
956 2483 1067 2559 Patro
1089 2482 1170 2583 ipsu
1187 2483 1270 2570 CN,
1297 2483 1360 2560 CB
1377 2483 1577 2559 inveniatur
1592 2484 1693 2558 tertia
1707 2508 1793 2581 pru·

456 2596 665 2699 portionalis
681 2596 769 2685 CH,
787 2614 823 2672 et
837 2595 878 2669 fit
893 2594 1067 2695 punctum
1085 2598 1126 2673 H
1143 2597 1181 2673 in
1195 2595 1448 2673 diametroAB
1460 2617 1500 2671 et
1516 2597 1561 2671 ad
1574 2616 1693 2697 partes
1709 2619 1794 2672 cen·

460 2712 506 2784 tri
524 2710 713 2784 contrarias
730 2709 772 2782 iis
788 2709 832 2783 ad
851 2733 939 2807 quas
954 2709 1005 2782 est
1022 2710 1106 2796 CN,
1124 2709 1149 2783 Β
1164 2708 1269 2787 fuerit
1281 2710 1349 2784 AB
1366 2707 1515 2788 sectmda
1531 2708 1718 2797 diameter,
1741 2709 1794 2783 se·

451 2850 526 2907 cus
540 2825 586 2901 ad
603 2823 766 2910 easdemr
787 2844 831 2900 -tt
848 2824 1022 2901 diametro
1033 2826 1110 2902 AB
1127 2826 1278 2901 ducatur
1306 2824 1468 2901 ordinata
1481 2826 1573 2901 (ΞΗ
1613 2826 1638 2922 J
1640 2844 1794 2925 ungatur

459 2940 550 3027 GN,
580 2958 617 3017 et
632 2938 726 3017 reeta
742 2938 814 3012 GN
832 2938 1067 3038 hyperbolam
1082 2938 1344 3037 contingetpu
1355 2937 1487 3032 Coma.
1504 2941 1614 3039 Prop.
1632 2960 1693 3033 24.
1720 2938 1793 3024 uu-

452 3051 553 3155 jusce
568 3053 729 3156 etPrup.
742 3056 784 3129 Β.
810 3052 903 3132 Lib.
922 3078 957 3131 1.

701 3268 1312 3438 οΒΒΒῙΝΙΒἸΟ.
1369 3350 1486 3441 W

462 3580 541 3749 Si
560 3502 844 3679 mpetratum
866 3577 1114 3678 opposrtarum
1135 3579 1185 3665 A,
1197 3580 1232 3653 Β
1249 3579 1292 3654 fit
1311 3580 1406 3654 reda
1421 3582 1487 3655 AB
1505 3579 1693 3656 transversa
1716 3579 1794 3656 dia.
1822 3583 1899 3646 Fre.
1910 3574 1973 3663 46.

543 3715 670 3785 meter,
686 3713 722 3768 ct
737 3691 803 3794 ipfi
819 3694 885 3767 ΑΒ
902 3693 996 3769 reeta
1011 3691 1082 3770 DE
1097 3716 1165 3768 con
1160 3690 1287 3791 jugata
1303 3694 1496 3780 diameter,
1522 3715 1559 3768 et
1575 3695 1600 3768 Β
1616 3694 1795 3792 hyperbo-

460 3811 575 3884 larum
592 3805 834 3936 oppofitarum
852 3806 903 3894 D,
922 3806 955 3881 E
974 3806 1016 3880 srt
1037 3809 1134 3882 recta
1156 3810 1229 3883 DE
1250 3809 1439 3884 transversa
1464 3830 1503 3885 et
1527 3808 1591 3907 ipsr
1607 3809 1677 3883 DE
1701 3810 1796 3884 reda

462 3926 531 3999 AB
553 3920 745 4020 conjugata
765 3919 964 4009 diameter,
1003 3922 1061 3998 hae
1091 3941 1247 4023 quatuor
1271 3924 1476 4024 hyperbolae
1496 3926 1547 4017 A,
1564 3927 1606 4015 Β,
1621 3925 1672 4013 D,
1688 3923 1721 3998 E
1736 3924 1795 3998 di·
1874 3960 1878 3974 .

462 4053 591 4114 cuntur
605 4035 789 4134 Hyperbolae
802 4036 994 4135 Μαχαία.

514 4153 598 4225 Cor.
616 4149 647 4224 1.
674 4148 779 4222 Patet
801 4147 1003 4246 hyperbolis
1025 4148 1223 4249 conjugatis
1249 4152 1348 4226 idem
1372 4152 1440 4227 effe
1466 4171 1641 4241 centrum,
1666 4171 1798 4251 nempe

462 4265 639 4366 punctum
654 4261 687 4334 C
703 4261 834 4360 inquo
849 4261 1012 4337 diametri
1030 4264 1109 4352 AB,
1126 4265 1210 4351 DE,
1228 4266 1433 4341 seinvicem
1451 4265 1577 4340 secant.

516 4382 601 4454 Cor.
619 4379 670 4452 11.
693 4377 797 4451 Patet
807 4377 918 4452 etiam
926 4378 1131 4480 hyperbolis
1144 4376 1564 4480 conjugatiscommunes
1575 4379 1643 4454 effe
1655 4378 1797 4479 asymp·

462 4514 572 4571 totus.
612 4493 712 4567 Nam
732 4493 961 4568 manentibus
978 4492 1058 4594 jam
1077 4493 1198 4594 postris
1219 4493 1257 4569 in
1276 4494 1495 4582 definitione,
1510 4493 1692 4594 jungatur
1710 4493 1796 4582 ΑΕ,

453 4629 503 4684 -et
518 4632 583 4709 per
604 4626 766 4682 centrum
783 4605 815 4681 C
831 4607 984 4682 ducatur
1005 4609 1100 4682 reda
1117 4609 1209 4697 GH,
1234 4604 1396 4685 bifariam
1415 4608 1533 4683 secans
1552 4610 1621 4684 ΑΕ
1637 4608 1673 4682 in
1689 4609 1734 4696 F,
1758 4626 1797 4682 et

464 4722 532 4823 ipsa
548 4722 619 4800 ΑΒ
637 4720 805 4822 parallela
817 4723 913 4796 reda
928 4722 1028 4798 ICK
1073 4723 1176 4796 Tum
1191 4722 1296 4798 κᾶε
1313 4723 1405 4813 GH,
1422 4724 1476 4798 11<
1491 4743 1593 4798 erunt
1607 4719 1795 4822 asymptoti

459 4838 736 4942 hyperboliaA,
753 4839 783 4916 B
799 4836 853 4914 uti
865 4835 973 4917 etiam
990 4834 1193 4938 hyperbolis
1208 4837 1260 4931 D,
1276 4836 1322 4930 E,
1335 4861 1401 4938 per
1413 4836 1521 4939 Prop.
1534 4841 1598 4931 48.

1106 4967 1145 5043 X
1622 4961 1710 5039 Cur.
1726 4960 1792 5039 111.
