5184 6600
881 961 1053 1122 Caput
1093 949 1343 1076 Delum,
1423 1050 1425 1055 J
1676 1000 1750 1117 37
1757 994 1791 1121 5

453 1219 645 1336 Apollonii
674 1217 772 1299 liber
800 1216 863 1297 ille
900 1220 1072 1309 octavus,
1121 1217 1191 1324 qui
1219 1234 1265 1295 ut
1291 1244 1340 1297 ex
1367 1217 1484 1327 ipfius
1522 1218 1646 1297 verbis
1685 1217 1797 1326 supra
1838 1248 1976 1289 secato·

449 1366 667 1448 notavimus
687 1358 972 1440 “Problemata
991 1357 1139 1438 Conica
1157 1354 1433 1436 determinata''
1454 1356 1678 1466 praestitit*.

513 1506 697 1585 Proximo
723 1495 862 1579 adhiric
888 1499 1037 1591 saeculo,
1083 1498 1291 1607 impensius
1322 1499 1369 1579 de
1406 1499 1542 1580 eadem
1578 1494 1618 1579 re
1644 1497 1798 1607 ‘cogita-

452 1645 546 1726 bant
583 1640 875 1752 quamplurimi,
914 1639 1111 1748 quomodo
1161 1637 1306 1718 scilicet
1353 1634 1568 1720 efficeretur
1617 1639 1665 1719 ad
1711 1640 1797 1719 usus

450 1785 638 1894 practicos
664 1782 798 1860 idonea
826 1781 1047 1860 sectionum
1071 1779 1288 1890 descriptio.
1330 1779 1507 1889 Plerique
1532 1780 1651 1861 etiam
1669 1777 1717 1859 ad
1735 1807 1798 1859 eas

451 1918 727 2033 confugiebant
758 1917 976 2013 methodos,
1005 1946 1092 2028 que
1120 1948 1169 2000 ex
1186 1918 1376 2001 linearum
1399 1921 1449 2001 ad
1469 1919 1578 2001 focos
1598 1919 1797 2029 pertinen-

450 2063 552 2141 tium
566 2060 833 2141 affectionibus
847 2059 972 2141 obviae
990 2060 1077 2148 sunt
1090 2076 1135 2139 ut
1149 2089 1268 2169 quarn
1282 2062 1464 2141 maxime.
1496 2063 1604 2142 Inter
1613 2057 1796 2173 hujusce-

452 2201 559 2284 modi
578 2200 794 2281 affedliones
805 2218 936 2281 autem
950 2200 1056 2280 nulla
1072 2201 1251 2280 omnium
1270 2201 1402 2283 utilior
1419 2202 1489 2295 est,
1507 2229 1625 2311 quam
1643 2203 1687 2280 ‘ea
1705 2201 1800 2305 †ex

453 2368 531 2450 qua
545 2339 685 2448 pendet
697 2340 845 2419 Circini
857 2338 1033 2446 Ellrptici
1049 2339 1296 2421 constructio.
1333 2340 1537 2424 Circinum
1548 2340 1654 2421 hunc
1666 2359 1799 2420 autem
1822 2363 1824 2371 ’

451 2497 497 2560 ut
524 2478 647 2560 obiter
676 2478 773 2557 illud
801 2504 993 2569 moneam,
1023 2477 1170 2585 primus
1199 2475 1448 2582 excogitavit,
1489 2494 1531 2556 et
1557 2477 1801 2558 instrumenti

452 2622 570 2734 ipsius
581 2619 875 2728 descriptionem
888 2618 1007 2698 edidit
1018 2613 1255 2726 Aquilonius,
1268 2616 1310 2695 in
1322 2618 1452 2728 Opere
1467 2617 1569 2726 suo‡
1586 2617 1633 2699 de
1645 2619 1799 2727 Opticis

454 2761 702 2881 Anttyerpiae,
722 2787 823 2841 anno
847 2762 968 2870 1613,
999 2758 1099 2866 typis
1118 2754 1316 2835 mandato.

1832 1332 1910 1374 NUM
1942 1331 1980 1368 tn

1852 1411 1969 1451 PLANO

1882 1494 1941 1532 DE*

1844 1574 1963 1614 sente*

1873 1653 1945 1695 tto,

513 2898 633 3008 Apud
652 2897 891 3007 Mydorgium
910 2897 1027 2978 etiam
1047 2895 1172 2978 multa
1189 2893 1316 2975 videre
1334 2893 1403 2986 est,
1421 2916 1520 3006 'quae
1537 2912 1618 2976 erat
1635 2897 1736 2977 illius
1755 2916 1801 2979 ut
1930 2962 1932 2969 ,

455 3039 497 3119 in
520 3040 681 3132 caeteris,
711 3040 765 3118 ita
790 3066 837 3119 ex
861 3037 936 3118 hac
960 3054 1067 3148 parte
1097 3032 1294 3126 industria,
1320 3034 1368 3115 de
1388 3035 1608 3115 sectionum
1631 3034 1800 3145 descrip-

455 3180 560 3261 tione
575 3159 805 3289 prussorum¹
817 3196 880 3288 ope
897 3205 984 3288 quae
998 3176 1182 3289 politione
1193 3171 1281 3253 data
1295 3173 1382 3268 fint,
1395 3172 1648 3254 conficienda.
1690 3177 1801 3285 Qin

454 3336 496 3401 et
519 3319 714 3427 speciatim
741 3321 789 3399 de
812 3322 994 3429 organica
1019 3346 1151 3398 earum
1177 3314 1426 3426 descriptione
1450 3318 1657 3397 traslatum
1683 3315 1802 3396 edidit

456 3457 681 3540 Francicus
710 3487 736 3537 a
767 3458 958 3552 Schooten,
987 3460 1028 3539 in
1048 3486 1128 3568 quo
1152 3479 1193 3542 et
1223 3458 1343 3536 varias
1374 3437 1564 3565 exposuit
1582 3455 1801 3554 methodos,

361 3695 363 3702 Ι
458 3618 545 3705 quae
560 3601 600 3677 in
615 3598 735 3680 finem
746 3628 839 3681 eum
850 3600 1023 3681 adhiberi
1042 3597 1208 3710 possunt,
1224 3613 1264 3675 et
1283 3594 1474 3702 legitimas
1488 3621 1618 3677 earum
1637 3597 1801 3679 demon·
1852 3645 1861 3652 »

458 3736 653 3815 strationes
682 3736 831 3841 adjecit.
886 3739 972 3845 Ipsa
996 3739 1137 3817 interea
1165 3734 1329 3817 artificia
1353 3735 1574 3843 fingulatim
1598 3764 1801 3845 exponere,

459 3899 585 3980 neque
603 3873 714 3953 lubet
736 3872 801 3953 hic
830 3874 919 3968 loci,
950 3903 1075 3984 neque
1099 3902 1224 3986 opetae
1245 3877 1415 3984 pretium
1433 3874 1502 3968 est,
1532 3904 1625 3957 cum
1644 3880 1684 3956 in
1704 3877 1800 3957 Ma-

458 4012 761 4094 thematicorum
786 4015 910 4108 libris,
939 4016 1119 4098 omnibus
1135 4021 1137 4027 '
1139 4012 1290 4122 jamdiu
1319 4013 1367 4092 ad
1386 4040 1523 4095 manus
1543 4015 1630 4094 fint.
1681 4014 1803 4125 Qod

460 4150 507 4231 ad
525 4153 578 4248 rei
597 4152 712 4260 ipsius
731 4150 929 4233 historiam
948 4156 1101 4249 attinet,
1130 4156 1177 4235 de
1206 4152 1410 4234 Scaienum
1435 4153 1475 4233 in
1497 4155 1611 4264 plano
1638 4153 1801 4265 descrip·
1915 4250 1920 4255 .

459 4289 558 4371 tione
581 4290 773 4400 praecipue
797 4309 957 4399 egerunt
982 4294 1023 4387 ii,
1054 4322 1151 4403 quos
1175 4294 1260 4400 jam
1283 4294 1583 4375 nominavimus.
1633 4298 1745 4407 Qin
1762 4312 1803 4375 et

460 4428 596 4508 eadem
615 4432 724 4508 novis
744 4432 861 4511 etiam
880 4432 1072 4513 methodis
1091 4433 1287 4543 quomodo
1301 4433 1529 4543 perficienda
1546 4434 1650 4530 esset,
1669 4437 1800 4518 osten-

461 4566 518 4646 dit
537 4565 759 4647 Newtonus.
805 4570 1114 4653 Celeberrimum
1141 4576 1287 4656 etenim
1314 4575 1512 4685 problema
1541 4577 1637 4657 illud
1661 4552 1817 4686 magna¹

506 4831 523 4864 ⁸
544 4825 620 4886 Vide
635 4827 709 4906 Cap.
725 4848 754 4887 2.
768 4848 837 4909 pag.
854 4846 924 4907 334.

504 4935 525 5000 †
549 4923 657 4983 Eadem
671 4925 802 4985 nimirum
815 4948 850 4986 ex
863 4928 919 5006 qus
931 4942 960 4988 et
970 4929 1180 4991 instrumentum
1191 4931 1262 4993 illud
1274 4931 1430 5003 conficitur,
1442 4932 1518 5013 quod
1532 4934 1569 4992 ad
1582 4933 1716 5014 Ellipsern
1731 4936 1804 4996 deli·

463 5019 603 5079 neandam
617 5020 753 5081 adhibent
767 5023 900 5116 Operarii
913 5027 1056 5095 nostrates,
1070 5026 1169 5108 lingua
1181 5031 1330 5093 vernacula
1338 5032 1512 5111 appellatum
1526 5039 1551 5068 ‘⁶'
1560 5030 1616 5094 The
1625 5030 1804 5095 Trammlsss’

507 5116 620 5189 tvide
634 5118 783 5199 Aquilonii
796 5122 888 5202 Opus,
907 5140 979 5204 pag.
993 5141 1063 5202 471,
1082 5140 1198 5205 et477.
1802 5125 1810 5133 ’

1734 5217 1805 5298 llle
1862 5241 1865 5247 ·
