5184 6600
773 980 858 1159 84
917 1033 952 1042 ”
1000 992 1288 1119 Seiir'onum
1309 992 1620 1134 Curtium
1660 996 1794 1118 Lrn.
1827 1000 1934 1122 111.

768 1223 853 1311 AC,
863 1221 933 1296 DF
947 1222 1135 1322 parallelae,
1151 1222 1257 1296 altera
1272 1217 1386 1295 alteri.
1424 1217 1608 1319 Qoniam
1626 1217 1735 1318 igitur
1750 1222 1834 1311 AC,
1851 1222 1922 1297 DF
1938 1218 2106 1298 bifariam

771 1336 928 1427 secantur
943 1339 982 1412 in
994 1338 1128 1437 pundo
1144 1336 1191 1425 E,
1215 1335 1295 1409 sunt
1309 1334 1483 1409 diametro
1498 1335 1563 1408 BR
1580 1334 1767 1427 ordinata,
1791 1355 1828 1413 et
1841 1338 1989 1436 proinde
2003 1338 2109 1411 κᾶε

770 1454 856 1541 BH,
868 1455 947 1545 BG,
963 1478 1027 1554 per
1039 1454 1124 1530 Cor.
1144 1479 1176 1529 r.
1195 1455 1302 1551 Prop.
1315 1476 1353 1543 4.
1378 1449 1528 1551 ellipsim
1544 1452 1784 1556 contingunta
1806 1452 1919 1550 quod,
1941 1475 2006 1551 per
2023 1455 2058 1525 8.
2075 1476 2109 1526 1.

771 1567 847 1644 fieri
867 1593 940 1643 non
963 1566 1092 1669 potest.
1134 1568 1258 1644 Rettae
1279 1566 1392 1665 igitur
1414 1568 1502 1659 Ae,
1510 1568 1580 1643 DF
1603 1565 1671 1644 sese
1697 1566 1856 1644 bifariam
1881 1593 1953 1642 non
1975 1566 2107 1641 secant.

820 1798 906 1875 Cor
923 1799 954 1876 1.
980 1798 1166 1875 Ordinatae
1183 1799 1251 1886 IL,
1264 1797 1334 1873 AC
1351 1821 1465 1871 curvis
1478 1795 1653 1871 diametro
1662 1795 1729 1869 BR
1739 1793 1912 1893 eilrpfeos
1927 1793 2027 1868 funt
2018 1813 2109 1869 mter

772 1914 807 1990 se
823 1914 1012 2012 parallelae.
1057 1917 1258 1994 Occurrant
1283 1911 1379 1989 enim
1403 1911 1577 1991 diametro
1593 1913 1658 1986 BR
1675 1909 1773 1999 inK,
1789 1909 1823 1986 E
1837 1927 1872 1985 et
1888 1932 2007 1983 curvae
2022 1909 2059 1982 in
2077 1908 2111 1998 Ι,

771 2029 807 2103 L
823 2046 860 2102 et
874 2030 926 2117 A,
939 2030 994 2116 C,
1019 2045 1057 2105 et
1073 2027 1098 2105 fi
1113 2026 1189 2102 fieri
1205 2024 1323 2127 potest
1338 2025 1404 2103 fint
1420 2052 1492 2103 nun
1506 2025 1696 2125 parallelae.
1739 2026 1790 2102 Et
1804 2048 1868 2122 per
1883 2023 2107 2123 puniiumE

771 2142 921 2218 ducatur
946 2143 1016 2217 DF
1037 2141 1100 2244 ipfr
1121 2144 1175 2220 IL
1195 2140 1365 2252 parallela
1384 2160 1421 2215 et
1439 2166 1559 2220 curvae
1579 2141 1616 2217 in
1639 2143 1690 2229 D,
1706 2142 1738 2216 F
1760 2164 1963 2215 occurrens.
2005 2140 2110 2213 Tum

769 2257 874 2331 reftae
900 2258 985 2345 AC,
993 2258 1063 2331 DF
1090 2281 1162 2330 non
1186 2255 1304 2329 duetae
1319 2279 1384 2351 per
1406 2274 1585 2345 centrum,
1608 2255 1815 2330 secabuntur
1839 2251 2029 2329 bifariam
2019 2278 2057 2328 m
2072 2253 2106 2329 E

768 2394 833 2471 per
848 2370 1055 2470 hypothefin
1072 2387 1110 2449 et
1126 2370 1234 2472 Prop.
1252 2398 1293 2464 4:
1322 2372 1421 2471 quod
1435 2398 1499 2478 per
1515 2375 1606 2451 hane
1624 2375 1732 2471 Prop.
1749 2371 1943 2447 absurdum
1956 2372 2018 2448 est.

821 2484 906 2559 Cor.
920 2485 968 2559 ΙΙ.
995 2483 1252 2581 contingentes
1277 2487 1364 2573 BH,
1382 2486 1477 2575 RM,
1496 2512 1559 2585 per
1579 2484 1729 2561 vertices
1745 2486 1789 2573 B,
1806 2487 1842 2560 R
1858 2483 2023 2560 diametri
2044 2485 2111 2561 BR

770 2593 901 2689 duuae,
925 2597 1005 2676 sunt
1021 2598 1112 2678 inter
1128 2599 1161 2674 fe
1177 2600 1370 2700 parallelae,
1392 2626 1454 2699 per
1471 2602 1555 2677 Cor.
1578 2627 1611 2677 ι.
1631 2621 1667 2677 et
1683 2602 1768 2677 Cor.
1787 2627 1821 2699 3.
1840 2602 1950 2699 Prop.
1969 2627 2007 2694 4.

819 2715 902 2787 Cor.
921 2713 989 2786 III.
1015 2709 1247 2787 Manentibus
1255 2710 1335 2809 jam
1348 2714 1468 2812 pofitis
1481 2716 1517 2791 in
1531 2717 1615 2793 Cor.
1638 2741 1676 2802 ις
1701 2716 1952 2814 reumgulum
1965 2716 2029 2791 sub
2044 2715 2106 2790 ab·

768 2828 871 2903 fciffis
884 2828 964 2916 RE,
975 2827 1038 2902 ΕΒ
1056 2827 1101 2901 ad
1118 2828 1333 2925 quadratum
1351 2852 1396 2905 ex
1409 2829 1569 2910 ordinati
1578 2830 1650 2909 ΑΕ
1667 2829 1717 2904 ita
1732 2830 1767 2904 se
1783 2830 1891 2903 habet
1907 2851 1949 2904 ut
1966 2832 2106 2907 reum-

771 2943 898 3041 gulum
912 2942 976 3022 sub
990 2945 1074 3032 RK,
1091 2944 1155 3023 KB
1175 2943 1221 3018 ad
1244 2941 1459 3044 quadratum
1476 2970 1520 3025 ex
1537 2947 1617 3032 IK·,
1641 2970 1708 3045 per
1718 2945 1803 3021 Cor.
1827 2970 1857 3021 r.
1875 2964 1911 3019 et
1925 2947 2031 3045 Prop.
2048 2966 2107 3019 aa.

771 3059 856 3134 Lib.
878 3084 909 3135 ι.

1241 3361 1477 3447 PROP
1551 3363 1626 3446 vt

771 3594 811 3675 Si
832 3594 1044 3675 duaereetae
1053 3591 1246 3704 paralleiae
1260 3594 1428 3708 ellipsim
1442 3594 1690 3708 contingant,
1703 3595 1833 3721 reftaj
1814 3622 1987 3708 jungent
2005 3623 2107 3683 con·

826 3719 952 3839 radus
974 3718 1048 3798 erit
1068 3716 1271 3801 diameter.

619 4007 655 4046 ιο
707 4028 715 4046 .
836 3969 932 4042 ΙΝΤ
949 3971 1054 4042 reuae
1069 3970 1148 4058 ΑΒ,
1167 3971 1249 4047 ML
1265 3969 1358 4044 frbi
1347 3970 1503 4045 invicem
1536 3971 1712 4069 parallelae
1728 3989 1764 4043 et
1780 3972 1989 4069 contingant
2005 3972 2105 4070 ellip-

861 4083 925 4155 ftm
942 4083 1002 4154 BF
1003 4084 1037 4155 L
1055 4083 1091 4155 in
1108 4085 1247 4180 pinetis
1263 4088 1306 4172 B,
1322 4086 1379 4171 L,
1407 4087 1501 4159 reita
1516 4086 1580 4162 BL
1591 4082 1748 4181 jungens
1766 4088 1950 4160 contaetus
1966 4085 2015 4159 est
2030 4087 2107 4160 dia·

772 4217 893 4272 meter.

820 4311 921 4386 Nam
937 4309 963 4382 fr
979 4310 1074 4383 reda
1090 4310 1156 4384 BL
1173 4336 1244 4387 non
1258 4312 1308 4387 est
1323 4312 1511 4401 diameter,
1520 4310 1563 4387 frt
1573 4311 1745 4385 diameter
1756 4310 1806 4386 BI
1822 4335 1885 4410 per
1902 4312 2106 4388 emtaetum

772 4427 802 4498 B
830 4425 937 4498 duda
960 4445 997 4497 et
1023 4449 1141 4497 curvae
1166 4427 1294 4500 iterum
1320 4451 1509 4504 occurrens
1535 4426 1571 4500 in
1597 4426 1732 4522 pundo
1757 4426 1786 4501 1.
1839 4427 1908 4498 Per
1932 4426 2108 4522 pundum

774 4539 964 4637 quodlibet
984 4539 1022 4610 D
1040 4539 1077 4611 in
1098 4541 1206 4613 curva
1230 4543 1380 4617 ducatur
1396 4543 1489 4615 reda
1507 4541 1574 4614 DF
1592 4538 1811 4638 contingenti
1828 4540 1895 4612 AB
1912 4541 2105 4638 parallela;

775 4674 811 4726 et
827 4676 891 4749 per
907 4655 990 4726 Cor.
1010 4676 1044 4727 2.
1088 4654 1194 4752 Prop.
1212 4683 1248 4746 4.
1267 4657 1363 4731 tedia
1378 4658 1447 4731 DF
1464 4656 1530 4730 erit
1546 4656 1722 4729 diametra>
1736 4657 1781 4728 Bi
1795 4655 1968 4732 ordinata.
2009 4659 2109 4731 Rur-

773 4767 844 4854 fus,
867 4790 931 4864 per
950 4767 1122 4842 verticem
1146 4769 1163 4842 1
1187 4770 1337 4844 ducatur
1360 4771 1454 4842 reda
1478 4771 1539 4844 IH
1560 4768 1735 4843 ordinatae
1761 4771 1831 4844 DF
1853 4770 2042 4868 parallela3
2070 4790 2109 4846 et

774 4906 839 4980 per
865 4882 950 4954 Cor.
976 4905 1010 4955 ι.
1036 4882 1140 4980 Prop.
1168 4908 1204 4975 4.
1230 4882 1324 4956 reita
1350 4880 1411 4955 IH
1435 4883 1618 4981 continget
1645 4884 1807 4983 ellipfim.
1851 4885 2111 4980 Contingentea

773 4997 883 5094 igitur
900 4999 982 5086 AB,
997 4998 1094 5087 ML,
1110 4998 1169 5074 HI
1187 5003 1266 5099 (30.
1288 5000 1340 5088 r.)
1358 5015 1461 5094 erunt
1477 4997 1540 5073 fibi
1551 4999 1706 5076 invicem
1716 5000 1915 5101 parallelae:
1944 4998 2043 5095 quod
2059 5001 2109 5074 est

1918 5111 2106 5204 absurdum
