5184 6600
645 1014 935 1142 Senianum
962 936 1273 1137 connatam
1314 1012 1451 1141 LIB.
1484 1014 1563 1139 V.
1655 959 1772 1175 r73

934 1314 1297 1443 raonv.

444 1619 568 1701 Recta
585 1616 778 1699 diametro
807 1618 976 1730 cujusvis
1003 1618 1185 1701 sedionia
1203 1617 1352 1701 conica
1369 1616 1584 1699 ordinatim
1603 1619 1786 1731 applica--

501 1760 555 1835 ta,
583 1743 658 1822 erit
678 1740 862 1850 parallelo
889 1742 1140 1875 contingenti
1169 1769 1257 1852 quae
1285 1768 1357 1853 per
1389 1743 1576 1823 verticem
1607 1744 1780 1853 ejusdem

504 1864 697 1948 diametri
710 1863 859 1946 tranfit.
1028 1877 1037 1888 '

532 2119 856 2195 ATETexcor.
876 2139 912 2213 3,
927 2117 1035 2217 Prop.
1056 2139 1092 2215 3,
1108 2115 1262 2204 Lib.;a
1252 2139 1355 2192 ·.cor
1376 2142 1415 2215 3
1436 2121 1598 2220 Prop.4.
1624 2121 1783 2218 Lib.;3
1794 2183 1798 2191 ,

548 2256 621 2306 cor.
639 2253 675 2330 3.
702 2234 806 2331 Prop.
828 2255 861 2329 9.
892 2231 980 2305 Lib.
995 2257 1032 2320 4
1462 2305 1466 2311 ,

495 2351 580 2425 Cor.
616 2349 720 2423 Patet
746 2347 845 2447 quod
862 2347 956 2421 rena
971 2346 1079 2420 dubia
1104 2371 1124 2421 a
1140 2348 1275 2444 pundo
1290 2348 1421 2446 quovis
1440 2352 1475 2422 in
1494 2374 1602 2423 curva
1583 2349 1783 2425 sectionis

445 2465 581 2541 conicae
608 2460 707 2538 ad
677 2488 753 2564 ejus
780 2487 883 2540 axem
905 2489 937 2536 er
928 2460 1271 2562 perpendicularis,
1297 2462 1362 2535 erit
1383 2463 1500 2537 eidem
1519 2465 1573 2538 axi
1590 2465 1782 2541 ordinatim

446 2579 625 2679 applicata
637 2597 673 2652 et
684 2577 851 2677 parallela
867 2576 973 2651 redite
988 2597 1070 2674 quae
1083 2574 1261 2672 contingit
1276 2575 1426 2652 eandem
1438 2576 1626 2652 senionem
1641 2581 1697 2652 vel
1716 2580 1782 2675 hy·

444 2693 634 2795 perbolam
657 2692 857 2793 oppositam
883 2691 918 2765 in
936 2690 1068 2765 vertice
1089 2686 1246 2787 ejusdem
1264 2690 1350 2764 axis.
1395 2691 1542 2779 Contra,
1566 2695 1663 2767 tedia
1678 2695 1794 2769 dudio¹

445 2836 469 2883 a
487 2810 619 2907 puntto
632 2805 762 2908 quovis
778 2807 815 2881 in
832 2806 941 2880 curvi
957 2802 1117 2880 sectionis
1134 2805 1179 2879 ad
1196 2827 1314 2895 axem,
1339 2804 1371 2879 ei
1389 2805 1579 2880 ordinatim
1598 2809 1786 2908 applicata,

445 2926 515 2999 erit
532 2922 588 2999 axi
605 2920 917 3024 perpendicularis.
1034 2938 1040 2945 ·

933 3206 1182 3290 PROP.
1242 3206 1318 3288 VI.

449 3424 493 3504 si
525 3420 612 3501 duae
642 3421 756 3501 radia
786 3417 999 3500 sectionem
1028 3414 1217 3498 conicam.
1235 3432 1303 3496 aut
1328 3412 1562 3525 hyperbolae
1594 3419 1790 3528 oppofitar

510 3545 786 3652 contingenter
817 3541 887 3623 fibi
918 3540 1091 3621 invicem
1120 3556 1343 3630 occurrant,
1374 3542 1477 3619 reita
1503 3566 1573 3648 per
1595 3545 1789 3651 punitum
1867 3602 1873 3616 .

509 3667 693 3750 occursus
712 3664 830 3745 dueta
847 3685 886 3745 et
906 3661 1092 3768 bifariam
1110 3660 1238 3745 secana
1257 3663 1404 3742 rectam
1428 3661 1667 3770 jungentem
1687 3693 1789 3747 con·

515 3791 656 3884 tadus,
686 3787 762 3869 erit
780 3786 986 3868 diameter.

538 3988 709 4066 ATET
736 4013 781 4062 ex
802 4011 874 4063 cor.
891 4011 930 4078 4.
966 3985 1076 4086 Prop.
1100 4004 1160 4082 30.
1185 3980 1271 4062 Lib.
1291 4007 1305 4058 r
1320 4017 1333 4071 ς
1360 3983 1470 4085 Prop.
1491 3985 1553 4083 36.
1587 3985 1673 4065 Lib.
1689 4013 1729 4082 4,
1754 4007 1792 4067 et

557 4107 667 4205 Prop.
686 4130 717 4179 1.
737 4100 890 4204 hujusce.

504 4222 589 4295 Cor.
604 4221 634 4294 1.
661 4218 697 4293 Si
710 4219 791 4293 duae
808 4217 914 4294 reuae
931 4214 1119 4291 senionem
1132 4212 1296 4289 conicam
1310 4233 1372 4288 aut
1385 4215 1600 4316 hyperbolas
1615 4220 1792 4318 oppositas

455 4337 700 4437 contingentes
716 4333 780 4406 nbi
796 4330 948 4407 invicem
964 4349 1177 4414 occurrant·
1203 4328 1381 4404 diameter
1395 4353 1461 4427 per
1475 4331 1649 4429 punctum
1665 4356 1795 4410 occur·

455 4449 512 4522 sus
528 4448 693 4523 transiens
711 4446 874 4521 bifariam
891 4445 1022 4521 secabit
1033 4444 1187 4521 restam
1172 4468 1387 4576 jungentem
1401 4449 1594 4525 contactus.

507 4564 591 4637 Cor.
610 4562 658 4636 11.
685 4558 821 4683 Spduae
836 4561 940 4634 κᾶε
957 4558 1146 4637 srdiionem
1164 4560 1327 4634 conicam
1342 4562 1400 4635 vel
1426 4562 1634 4660 hyperbolas
1650 4565 1795 4663 oppost-

456 4696 512 4751 taa
538 4674 633 4751 conti
748 4699 789 4786 ea
812 4673 913 4749 fibi
904 4675 1058 4750 invicem
1083 4693 1282 4764 occurrant,
1308 4675 1477 4751 diameter
1494 4671 1656 4751 bifariam
1673 4677 1795 4754 secans

776 4814 813 4863 m
827 4791 1009 4864 comanus
1026 4790 1181 4863 transrbit
1196 4814 1262 4888 per
1277 4790 1453 4888 pundtum
1468 4791 1645 4866 occursus.

597 4890 619 4976 ἑ
670 4896 692 4941 ³⁴
706 4894 720 4945 Ὗ
738 4929 749 4979 ι
738 4904 847 4980 duae
861 4905 966 4980 rettae
982 4903 1171 4982 seciionem
1184 4900 1352 4980 tonicam
1366 4904 1427 4979 vel
1451 4903 1662 5002 hyperbolas
1678 4930 1796 5007 oppo-

582 5027 635 5059 '²
938 5058 939 5064 Ν
1719 5018 1798 5096 satas
