5184 6600
884 977 886 981 ’
963 960 1061 1076 De
1102 953 1300 1122 Elltfft.
1727 970 1806 1123 87

522 1175 606 1251 Cor.
625 1176 655 1249 1.
682 1173 808 1249 Cuivis
820 1172 994 1249 diametro
1008 1173 1170 1272 ellipseos
1181 1168 1229 1249 est
1242 1200 1326 1261 una,
1342 1195 1378 1248 et
1392 1200 1462 1249 una
1480 1196 1622 1256 tantum
1636 1181 1808 1257 diameter

471 1290 671 1389 conjugata.
722 1293 834 1379 Nam,
857 1288 1081 1363 manentibus
1099 1286 1178 1385 jam
1204 1289 1337 1386 posuis,
1365 1292 1501 1388 quaevis
1526 1295 1593 1368 alia
1622 1296 1805 1386 diameter,

469 1426 598 1502 praeter
613 1408 695 1495 DE,
722 1404 883 1480 bifariam
902 1430 973 1478 non
989 1402 1122 1475 secabit
1137 1401 1269 1476 tedam
1285 1405 1352 1477 LI.

520 1521 603 1593 Cor.
625 1522 671 1594 11.
698 1522 792 1593 Duae
810 1518 974 1591 diametri
992 1515 1152 1611 ellipseos
1169 1515 1248 1587 sunt
1265 1514 1482 1614 conjugatae,
1499 1521 1524 1592 sr
1543 1546 1613 1593 una
1629 1548 1750 1596 earum
1765 1525 1806 1598 stt
1934 1559 1937 1562 ·

468 1635 638 1731 parallela
654 1635 876 1734 contingenti
893 1659 957 1731 per
973 1633 1150 1706 verticem
1169 1630 1312 1704 alterius
1323 1632 1437 1706 duetae
1452 1658 1461 1704 z
1477 1634 1646 1731 perhanc
1664 1655 1704 1708 et
1721 1637 1804 1711 Cor.

469 1768 506 1840 3.
525 1748 632 1846 Prop.
649 1776 687 1837 4.

519 1863 602 1934 Cor.
634 1864 700 1936 ΙΙΙ.
736 1863 908 1937 Ordinata
933 1860 1082 1960 cujusvis
1109 1861 1271 1935 diametri
1303 1862 1363 1934 vel
1385 1862 1596 1961 contingens
1628 1888 1692 1964 per
1729 1865 1806 1964 ejus

468 1974 640 2047 verticem
656 1976 761 2048 dusta
779 1974 828 2048 est
842 1977 1008 2073 parallela
1032 1976 1107 2074 ejus
1131 1976 1309 2050 diametro
1338 1974 1551 2077 conjugatae,
1568 2003 1633 2076 per
1653 1979 1755 2069 hanc,
1771 2003 1806 2055 et

385 2125 388 2129 ·
464 2112 530 2184 per
546 2091 630 2164 Cor.
651 2116 681 2165 t.
702 2094 808 2188 Prop.
827 2112 861 2188 5.
879 2112 916 2165 et
935 2094 1018 2166 Cor.
1035 2116 1070 2187 3.
1090 2094 1196 2190 Prop.
1213 2118 1249 2181 4.

528 2206 610 2279 Cor.
639 2207 703 2279 IV.
746 2206 785 2279 Si
819 2207 902 2280 duae
935 2208 1031 2280 diam
1062 2205 1127 2280 etri
1162 2206 1365 2306 conjugatae
1393 2206 1427 2280 se
1462 2223 1589 2279 mutuo
1617 2206 1662 2278 ad
1692 2205 1805 2282 redes

465 2319 615 2413 angulos
636 2316 764 2406 secent,
791 2344 861 2393 non
888 2340 990 2392 erunt
1016 2320 1183 2419 aequales.
1244 2321 1356 2407 Nam,
1388 2321 1526 2395 caeteris
1560 2321 1803 2410 manentibus,

464 2429 532 2502 fint
556 2430 721 2504 diametri
756 2428 956 2530 conjugatae
986 2435 1067 2519 AB,
1097 2433 1168 2505 DE
1199 2432 1262 2506 fibi
1295 2434 1450 2509 invicem
1478 2434 1803 2533 perpendicularem

464 2562 501 2615 et
516 2567 581 2641 per
593 2546 698 2642 Prop.
718 2567 753 2636 7.
772 2564 812 2617 ut
829 2545 1044 2642 quadratum
1060 2570 1104 2619 ex
1120 2548 1189 2618 DC
1208 2548 1253 2620 ad
1269 2552 1485 2646 quadratum
1502 2573 1546 2621 ex
1558 2549 1626 2621 AC
1644 2547 1694 2621 ita
1709 2553 1804 2624 rect·

461 2659 636 2753 angulum
659 2659 765 2731 DGE
781 2659 826 2731 ad
842 2661 1055 2757 quadratum
1078 2686 1122 2733 ex
1142 2662 1304 2736 ordinat&
1319 2664 1418 2750 LG;
1445 2684 1481 2738 et
1498 2663 1648 2762 proinde
1673 2664 1698 2735 st
1720 2669 1800 2753 AB,

464 2771 536 2843 DE
552 2771 660 2844 essent
674 2773 839 2869 aequaleS,
857 2773 1029 2876 quadrata
1045 2799 1089 2848 ex
1101 2776 1183 2864 DC,
1199 2777 1269 2850 Ac
1283 2778 1393 2851 essent
1407 2778 1572 2877 aequalia,
1598 2796 1634 2851 et
1651 2784 1728 2872 (14.
1748 2780 1800 2877 ς.)

462 2886 709 2982 redangulum
726 2888 833 2960 DGE
859 2888 996 2986 aequale
1019 2891 1196 2985 quadrato
1223 2917 1267 2966 ex
1289 2892 1373 2967 LG.
1419 2898 1533 2992 Ergo,
1560 2917 1623 2990 per
1647 2894 1802 2968 Lemma

462 3023 545 3101 pag.
565 3020 628 3094 77.
657 3001 714 3102 (et
729 3028 788 3101 29.
812 3006 861 3094 1.)
878 3004 962 3077 esset
990 3006 1129 3080 ADBE
1147 3006 1313 3097 circulus,
1339 3027 1464 3124 contra
1481 3004 1701 3106 hypothesin.

710 3237 975 3330 vPROP.
1034 3246 1110 3329 IX.
1157 3246 1421 3329 PROB.
1485 3245 1539 3326 ΙΙ.

459 3457 574 3537 Datis
595 3456 784 3565 pofitione
802 3454 928 3563 ellipfi
947 3455 1107 3563 ejusque
1125 3455 1317 3536 diametro
1323 3491 1336 3550 ;
1365 3482 1435 3565 per
1449 3454 1588 3535 datum
1603 3458 1797 3564 punctum

517 3584 559 3659 in
579 3578 711 3670 curva,
725 3580 830 3686 quod
848 3604 926 3657 non
940 3579 1102 3657 estdatae
1118 3578 1299 3658 diametri
1315 3597 1463 3671 vertex,
1481 3582 1624 3660 restam
1639 3583 1796 3677 ducere,

514 3731 603 3811 quae
622 3701 668 3782 fit
688 3703 785 3782 datae
805 3702 997 3781 diametro
1012 3702 1224 3783 ordinatim
1245 3702 1453 3811 applicata.

456 3919 577 4108 SIT
595 3920 678 3991 data
704 3917 832 4014 ellipsra
858 3920 974 4004 ADB,
1002 3917 1173 3990 diameter
1195 3916 1269 4014 ejus
1287 3919 1368 4004 AB,
1395 3935 1432 3988 et
1458 3919 1494 3988 in
1512 3914 1670 3991 sectionis
1689 3917 1797 3991 curvd
1824 3945 1902 4006 Fre.
1917 3967 1949 4026 9·

547 4035 721 4131 punctum
749 4033 793 4118 F,
819 4030 916 4128 quod
943 4032 1083 4106 nonest
1109 4031 1272 4104 diametri
1301 4032 1367 4103 AB
1395 4049 1520 4101 vertex
1534 4063 1545 4115 3
1571 4050 1713 4126 oportet
1733 4057 1796 4129 per

456 4148 633 4245 puodtum
651 4145 680 4215 F
697 4145 829 4215 rectam
846 4143 976 4215 ducere
993 4169 1075 4241 quae
1087 4146 1127 4217 stt
1137 4145 1327 4218 ordinatim
1337 4144 1510 4217 diametro
1527 4145 1593 4215 AB
1608 4146 1794 4242 applicata.

508 4262 563 4334 Sit
578 4261 748 4359 punctum
767 4259 798 4332 C
817 4279 981 4331 centrum
998 4260 1156 4358 ellipseos
1171 4281 1207 4334 et
1223 4261 1373 4336 ducatur
1388 4261 1559 4333 diameter
1573 4260 1603 4330 F
1605 4261 1683 4331 CL.
1727 4263 1796 4343 Per

454 4378 631 4475 pundtum
647 4377 682 4448 L
698 4375 846 4446 ducatur
867 4377 960 4446 resia
979 4376 1032 4447 LI
1050 4358 1223 4449 diametro
1243 4379 1310 4449 AB
1333 4374 1510 4472 parallela.
1566 4374 1794 4448 strenam
1905 4398 1910 4410 ·

454 4491 601 4589 ellipsim
621 4489 1006 4585 contingat‚'diametri
1024 4491 1102 4578 FL,
1131 4492 1196 4562 AB
1213 4509 1318 4562 erunt
1335 4488 1547 4588 conjugatae³
1573 4488 1736 4583 perCor.
1759 4512 1792 4563 a.

455 4610 561 4702 Prop.
582 4611 601 4679 8
615 4641 626 4690 3
654 4624 689 4676 et
705 4603 865 4676 diametri
879 4601 1078 4701 conjugatae
1091 4604 1258 4677 dicuntur
1274 4602 1337 4674 fibi
1353 4603 1507 4673 invicem
1521 4601 1714 4674 ordinatim
1728 4626 1792 4704 ap-

452 4721 590 4818 plicari.
635 4718 673 4791 Si
691 4743 777 4792 vero
794 4720 887 4791 reda
907 4720 961 4791 Ll
979 4709 1131 4816 ellipsrm
1149 4718 1255 4808 secet,
1281 4739 1445 4792 occurrat
1467 4743 1586 4791 curvae
1610 4718 1738 4791 iterum
1756 4718 1792 4790 in

453 4835 589 4931 puncto
608 4835 638 4922 1,
657 4853 694 4906 et
712 4832 883 4933 jungatur
901 4835 960 4906 ΡΙ.
1008 4835 1123 4907 Recta
1150 4836 1180 4907 F
1184 4836 1197 4908 s
1221 4837 1286 4909 erit
1303 4833 1493 4911 ordinatim
1519 4833 1693 4905 diametro
1723 4834 1790 4905 AB

454 4948 647 5049 applicata·
698 4950 799 5024 Nam
823 4968 987 5027 occurrat
1010 4949 1104 5024 resta
1123 4950 1172 5026 ΡΙ
1191 4951 1365 5027 diametro
1380 4951 1446 5023 AB
1464 4946 1500 5019 in
1523 4947 1658 5044 pundo
1677 4946 1729 5032 N,
1755 4963 1791 5017 et
1867 4966 1869 4969 ’

851 5066 855 5073 “
1646 5076 1792 5156 propter
