5184 6600
607 2576 615 2594 ³
763 2576 870 2672 Prop.
890 2596 945 2665 ¹4·
964 2570 1081 2670 hujus.

763 1024 882 1114 220
970 982 1263 1110 Seinonum
1286 975 1602 1107 Conica'ram
1636 977 1923 1109 L113.'V.·=
2023 1106 2029 1111 ,

808 1227 970 1300 Duca'tur
986 1247 1079 1297 nunc
1096 1247 1118 1297 a
1133 1221 1263 1322 quovis
1281 1219 1467 1321 punaoin
1485 1217 1699 1317 Hyperbol'a
1722 1220 1815 1293 resta
1831 1218 1893 1293 PF
1910 1216 1956 1293 ad
1972 1216 2098 1298 focum

758 1356 795 1412 et
811 1339 895 1437 PQ
908 1334 1207 1435 perpendicularis
1232 1333 1277 1406 ad
1293 1354 1397 1406 axem
1413 1331 1636 1431 Hyperbolae
1654 1333 1734 1420 AB,
1752 1351 1790 1405 et
1806 1355 1870 1431 per
1887 1333 2100 1433 Pantur

759 1453 906 1549 planum
924 1449 1047 1523 circuli
1056 1448 1221 1533 ,(ΞΡΗΚ,
1247 1443 1450 1523 ostendetur
1465 1445 1589 1521 iisdem
1605 1448 1723 1520 verbis
1747 1471 1787 1522 ac
1802 1448 1842 1522 ‘in
1860 1448 1941 1523 casu
1959 1472 2096 1548 praece·

760 1565 879 1654 dente,
896 1563 997 1667 quod
1014 1561 1106 1638 reeh
1122 1557 1182 1635 PF
1200 1559 1242 1635 fit
1257 1561 1404 1659 aequalis
1420 1558 1483 1660 ipss
1495 1559 1567 1636 GL
1580 1580 1617 1655 et
1632 1560 1782 1659 proinde
1800 1560 1863 1662 ipfi
1879 1562 1961 1637 ΡΝ.

1928 1677 2099 1779 Qw.

729 1944 733 1952 .
805 1889 895 1960 Cor.
922 1885 1019 1959 Cum
1036 1825 1208 1983 Ellipseos
1234 1902 1296 1957 aut
1318 1882 1541 1982 Hyperbolae
1563 1885 1637 1960 duo
1663 1884 1742 1959 sunt
1758 1882 1827 1960 foci
1855 1885 1885 1960 F
1906 1900 1945 1957 et
1961 1886 2001 1979 f,
2023 1885 2099 1960 duo

761 2021 862 2078 erunt
879 2002 1002 2077 circuli
1017 2003 1143 2090 LNO,
1160 2002 1213 2076 Ino
1225 2000 1349 2099 quales
1363 2000 1399 2074 in
1415 2000 1657 2102 Propofitione
1672 1998 1927 2112 desgribuntur,
1943 2024 2101 2098 quorum
2130 2077 2132 2085 ,

760 2118 866 2216 plana
876 2116 1136 2191 intersecabunt
1150 2115 1299 2214 planum
1311 2113 1470 2188 scetionis
1480 2115 1517 2189 in
1535 2117 1640 2190 rectis
1657 2117 1743 2203 DE,
1755 2114 1804 2202 de,
1821 2138 1905 2213 quae
1922 2135 2027 2189 erunt
2042 2114 2101 2189 di-

761 2232 924 2307 rectrices
941 2229 1121 2318 seffionis3
1148 2250 1186 2304 et
1207 2229 1380 2329 quoniam
1396 2229 1501 2304 restae
1522 2232 1598 2323 PF,
1610 2233 1670 2328 Pf,
1697 2231 1742 2306 ad
1755 2229 1853 2305 focos
1866 2230 1997 2318 duaae,
2022 2229 2102 2307 sunt

761 2346 917 2444 aequales
934 2343 1015 2443 ipfis
1033 2343 1115 2432 ΡΝ,
1126 2344 1190 2431 Ρη,
1206 2345 1275 2418 erit
1291 2345 1352 2418 Nn
1369 2341 1593 2443 segmentum
1611 2344 1760 2446 cujusvis
1777 2345 1897 2419 lateris
1911 2343 1991 2419 coni
2010 2344 2103 2420 inter

763 2459 915 2531 circulos
928 2457 1054 2545 LNO,
1069 2457 1123 2532 lna
1148 2456 1388 2559 interceptum
1404 2459 1540 2560 aequale
1559 2460 1616 2538 axi
1638 2459 1827 2537 transverso
1846 2458 2020 2550 seffionis,
2037 2482 2102 2560 per

1992 2564 2002 2581 f
