5184 6600
734 983 889 1104 ‚216
997 974 1284 1097 Sefforam
1313 974 1622 1093 Conicarum
1663 972 1796 1089 Lra.
1829 972 1908 1092 V.

819 1202 905 1277 Cor.
932 1199 990 1275 Ex
1018 1201 1084 1276 hac
1107 1219 1148 1274 ,et
1171 1224 1243 1275 cor.
1262 1219 1295 1296 ς.
1324 1196 1507 1295 Prop.16.
1532 1194 1612 1282 erit,
1636 1194 1674 1268 in
1696 1195 1817 1292 ellipsr
1831 1190 2038 1283 dividendo,
2066 1214 2109 1268 ut

769 1315 925 1394 excessus
943 1315 1016 1391 axis
1037 1317 1104 1389 AB
1122 1313 1225 1413 supra
1246 1312 1324 1411 ejus
1350 1332 1592 1410 parametrum
1609 1312 1664 1384 ad
1688 1308 1764 1409 ejus
1786 1327 2030 1410 parametrum
2057 1308 2119 1382 ita

768 1429 1015 1527 tetrangulum
1026 1429 1128 1505 OKF
1142 1429 1186 1503 ad
1202 1428 1418 1527 quadratum
1430 1450 1474 1500 ex
1487 1427 1564 1500 PK.
1592 1427 1634 1498 In
1651 1425 1938 1524 hyperboldvero
1955 1446 2109 1521 compo·

771 1547 899 1633 nendo,
916 1564 959 1618 ut
970 1548 1036 1619 AB
1054 1546 1122 1622 una
1139 1568 1224 1618 cum
1237 1540 1314 1641 ejus
1330 1560 1531 1641 parametro
1543 1542 1588 1615 ad
1604 1538 1677 1640 ejus
1693 1561 1932 1642 parametmrn
1951 1541 2000 1615 ita
2015 1539 2109 1614 rect-

771 1660 942 1755 augulum
955 1662 1058 1737 OKF
1073 1658 1346 1756 adquadratum
1363 1658 1503 1735 exPK·
2050 1669 2052 1672 ’

1202 2009 1728 2145 PROP.XL1V.
1804 2017 1806 2020 ’

580 2267 676 2327 ric·
691 2283 745 2405 43»
776 2272 865 2355 Sint
895 2273 991 2367 ΡΗ,
1009 2257 1093 2351 GK
1111 2240 1293 2353 diametri
1324 2273 1544 2382 conjugatae
1564 2270 1745 2381 ellipseos
1767 2272 1920 2354 ADBE
1942 2272 2004 2353 vel
2031 2268 2111 2381 hy-

689 2367 712 2425 ⁴
735 2388 744 2408 ’
833 2396 1087 2510 perbolarum
1106 2396 1406 2504 conjugatarum
1425 2401 1480 2508 Α,
1494 2397 1542 2488 Β,
1557 2396 1615 2486 D,
1633 2396 1696 2488 E,
1727 2413 1767 2476 et
1785 2423 1855 2506 per
1874 2397 2038 2477 vertices
2058 2399 2109 2490 F,

747 2571 752 2576 ·
831 2521 892 2614 Η,
914 2521 970 2613 G,
996 2520 1035 2597 K
1053 2519 1249 2600 ducantur
1271 2520 1548 2629 contingentes
1580 2514 1673 2613 MS,
1696 2518 1787 2612 RL,
1810 2509 1889 2613 SL,
1910 2520 2017 2615 MR,
2039 2521 2114 2600 fibi

833 2644 1006 2724 invicem
1039 2645 1288 2724 occurrentes
1309 2642 1351 2721 in
1383 2642 1449 2735 M,
1466 2642 1520 2736 R,
1538 2642 1590 2735 L,
1610 2641 1636 2722 S
1646 2677 1659 2736 ς
1690 2641 1817 2752 figura
1847 2644 2003 2725 MRLS
2035 2644 2114 2723 erit

828 2766 1246 2878 parallelogrammum
1265 2767 1414 2876 aequale
1439 2766 1666 2874 reclangulo
1676 2765 1747 2847 sub
1767 2768 1906 2848 axibus
1926 2768 2014 2864 AB,
2031 2768 2112 2849 DE

833 2907 1039 2971 contento,
1639 2946 1643 2951 >
1836 2937 1839 2942 ·

879 3089 963 3165 AM
991 3088 1239 3186 contingentes
1257 3090 1345 3177 MS,
1358 3090 1430 3165 RL
1447 3089 1524 3164 sunt
1546 3091 1722 3168 diametro
1742 3093 1814 3168 GK
1837 3093 2030 3193 parallelae,
2047 3118 2116 3195 per

906 3208 1014 3307 Prop.
1044 3230 1106 3293 rr,
1134 3206 1384 3305 contingentes
1413 3231 1500 3281 vero
1528 3205 1623 3296 MR,
1642 3210 1704 3281 SL
1731 3211 1909 3309 parallelae
1937 3212 2116 3286 diametro

771 3325 804 3398 F
807 3324 867 3407 H,
886 3342 921 3396 et
937 3324 1071 3398 idcirco
1085 3331 1165 3418 (30.
1183 3327 1235 3413 1.)
1247 3325 1364 3422 figura
1378 3326 1523 3398 MRLS
1539 3324 1926 3423 parallelogrammum.
1965 3325 2116 3418 Rursus,

773 3438 817 3512 lit
833 3457 993 3513 centrum
1010 3437 1056 3526 C,
1080 3455 1118 3510 et
1133 3438 1306 3535 quoniam
1321 3440 1416 3513 resta
1433 3440 1505 3514 FH
1521 3435 1684 3511 bifariam
1699 3436 1834 3511 secatur
1850 3438 1888 3510 in
1900 3439 1945 3528 C,
1967 3438 2016 3513 est
2033 3440 2116 3514 GH

773 3571 903 3651 quarta
927 3574 1008 3650 pars
1028 3549 1353 3648 parallelogrammi
1370 3552 1466 3626 LM.
1504 3553 1667 3625 Ducatur
1683 3550 1728 3625 ad
1751 3549 2018 3647 contingentem
2041 3552 2117 3626 GL

773 3665 1075 3767 perpendicularis
1093 3665 1157 3740 CI.
1197 3667 1300 3738 Turn
1323 3665 1394 3739 en't
1410 3666 1463 3741 el·
1480 3666 1526 3739 ad
1541 3667 1603 3740 CB
1620 3663 1810 3738 semiaxem
1826 3665 2056 3741 transversum
2072 3689 2118 3744 ut

719 3836 722 3840 -
774 3783 844 3856 CD
871 3779 1031 3855 semiaxis
1062 3778 1272 3882 conjugatus
1294 3782 1338 3854 ad
1357 3780 1445 3870 CH,
1475 3802 1539 3879 per
1555 3804 1628 3855 cor.
1655 3781 1762 3879 Prop.
1776 3784 1838 3876 38.
1882 3783 2005 3881 Qare
2023 3784 2118 3857 redb-

774 3898 947 3997 angulum
964 3896 1028 3971 sub
1057 3897 1119 3986 Cl,
1129 3898 1204 3971 CH
1231 3906 1310 3994 (17.
1325 3898 1379 3986 6.)
1397 3898 1535 3997 aequale
1558 3895 1609 3970 est
1632 3897 1839 3994 redbangulo
1864 3896 1927 3998 sub
1945 3900 2116 3989 CB,CD.

774 4015 845 4087 Sed
860 4013 1107 4112 retbangulum
1125 4010 1188 4085 sub
1206 4013 1269 4099 CI,
1290 4009 1366 4084 CH
1392 4013 1529 4111 aequale
1546 4009 1596 4083 est
1617 4017 1694 4106 (35.
1713 4016 1761 4102 r.)
1779 4011 2119 4110 parallelogrammo

775 4128 846 4201 CL
853 4161 864 4211 3
884 4148 919 4200 et
935 4127 1182 4225 reclaugulum
1199 4125 1262 4198 sub
1276 4125 1353 4211 CB,
1364 4125 1434 4198 CD
1452 4124 1500 4198 est
1517 4144 1644 4223 quarta
1660 4151 1740 4224 pars
1758 4126 1953 4223 reclanguli
1975 4127 2038 4201 sub
2051 4152 2118 4203 ax·

777 4242 857 4316 ibus
870 4243 950 4329 AB,
962 4242 1046 4316 DE.
1086 4241 1186 4337 Ergo
1202 4239 1251 4312 est
1267 4239 1642 4340 parallelogrammum
1657 4239 1741 4315 LM
1758 4239 1894 4338 aequale
1910 4241 2120 4340 reclangulo

777 4354 840 4428 sub
857 4352 982 4430 axibus
994 4355 1075 4443 AB,
1093 4356 1177 4429 DE.
2059 4440 2061 4443 ,

827 4470 911 4544 Cor.
929 4470 960 4546 I.
987 4473 1088 4545 Patet
1105 4471 1205 4569 quod
1219 4476 1341 4546 omnia
1356 4470 1690 4572 parallelogramma
1706 4489 1875 4545 contenta
1890 4469 1954 4544 sub
1972 4470 2121 4546 contin-

778 4585 959 4680 gentibus,
987 4611 1071 4684 quae
1090 4588 1268 4663 transeunt
1290 4610 1356 4688 per
1379 4585 1530 4659 vertices
1559 4585 1818 4660 diametrorum
1841 4576 2123 4683 conjugatarum

777 4696 940 4797 ellipseos
955 4703 1013 4776 vel
1026 4705 1302 4803 hyperbolarum
1319 4701 1602 4800 conjugatarum,
1620 4701 1699 4776 sunt
1716 4701 1806 4775 inter
1821 4700 1854 4774 se
1870 4701 2054 4811 aqualia&

1031 4952 1048 4987 ⁴
1070 4942 1145 5006 Vade
1160 4945 1283 5008 Lemma
1301 4962 1348 5009 rz.
1363 4947 1432 5010 Lib.
1447 4968 1473 5011 ι.
1497 4948 1571 5012 Phil.
1585 4947 1660 5010 Nat.
1676 4946 1771 5011 Princ.
1786 4947 1883 5013 Maeli.
2030 5029 2063 5105 c

1036 5058 1045 5075 ⁰
2064 5052 2125 5106 ΟΥ.
