5184 6600
910 898 1041 1108 'ne
1082 967 1288 1153 nlapst.
1597 950 1602 956 ’
1691 1011 1800 1148 103

870 1289 970 1401 Pa
1000 1322 1102 1401 ot>
1165 1321 1364 1401 xxvru.

469 1531 510 1611 Si
529 1530 611 1610 axis
639 1524 870 1610 transversus
898 1527 1075 1636 ellipseoc
1105 1530 1150 1608 fit
1176 1531 1308 1609 etiam
1325 1529 1514 1609 diameter
1548 1530 1703 1626 circuli,
1734 1535 1807 1613 erit

525 1644 666 1765 ellipsis
687 1654 733 1733 ad
758 1651 954 1733 circulum
979 1670 1023 1730 ut
1048 1654 1131 1734 axis
1151 1643 1385 1762 conjugatus
1408 1654 1454 1732 ad
1480 1673 1593 1735 axem
1618 1657 1805 1736 transver-

524 1778 626 1857 sum.

539 1978 603 2052 ΙΤ
614 1979 718 2051 rena
733 1979 800 2050 AB
818 1977 891 2050 axis
909 1976 1117 2051 transversus
1135 1979 1296 2078 ellipscos
1315 1981 1468 2067 ACBD,
1495 2000 1532 2053 et
1547 1981 1720 2055 diameter
1736 1982 1805 2055 cir·
1837 1992 1913 2051 Fre.
1930 1988 1979 2049 26.

546 2092 632 2172 ‚culi
653 2092 806 2176 AEBF3
833 2092 899 2163 erit
923 2092 1050 2188 ellipsis
1074 2095 1209 2167 ACBD
1236 2093 1280 2165 ad
1308 2095 1483 2168 circulum
1510 2097 1641 2168 AEBF
1667 2116 1708 2168 ut
1733 2096 1806 2169 axis

471 2203 682 2301 conjugatus
700 2206 768 2276 CD
786 2204 829 2274 ad
846 2228 950 2275 axem
969 2205 1293 2280 transversum'AB.

519 2322 743 2395 Producatur
759 2321 877 2392 CDet
893 2341 1055 2393 occurrat
1072 2323 1282 2421 peripheria
1300 2324 1422 2398 circuli
1440 2324 1475 2397 in
1487 2324 1627 2422 pundtis
1639 2325 1682 2410 E,
1701 2325 1752 2409 1··;
1773 2346 1810 2398 er
1947 2397 1948 2400 ,
2060 2323 2067 2331 ἃ

470 2460 580 2534 quarn
601 2435 776 2541 rationem
795 2434 903 2510 habet
921 2436 1066 2510 AByel
1087 2438 1151 2512 EF
1170 2440 1214 2512 ad
1234 2441 1318 2526 CD,
1337 2440 1488 2512 eandem
1505 2440 1633 2511 habeat
1656 2440 1809 2512 circulus

470 2550 603 2623 AEBF
615 2549 659 2626 ad
672 2537 779 2621 NOP
790 2548 977 2621 circulum.
1004 2551 1100 2623 Dico
1114 2551 1288 2626 circulum
1300 2556 1406 2629 NOP
1421 2555 1674 2651 ellipsrACBD
1686 2578 1809 2651 aequa·

472 2653 632 2737 lemelse.
676 2662 714 2735 Si
724 2662 819 2735 enirn
838 2662 991 2735 circulus
1008 2666 1114 2740 NO'P
1132 2679 1201 2742 non
1220 2669 1269 2743 est
1285 2669 1433 2768 aequalis
1450 2669 1574 2768 ellipfi,
1594 2668 1632 2742 srt
1644 2670 1806 2766 primosi

472 2780 548 2853 ficri
573 2778 700 2877 potest,
732 2778 855 2877 major.
908 2780 1027 2853 Potest
1061 2783 1182 2881 igitur,
1217 2785 1254 2858 in
1282 2786 1417 2858 circulo
1441 2786 1547 2859 NOP
1577 2783 1716 2857 inscribi
1746 2809 1810 2880 po·

471 2896 644 2994 lygonum
662 2912 784 2995 parem
803 2896 936 2972 habens
948 2921 1139 2972 numerum
1157 2902 1381 3000 angulorum,
1399 2898 1514 2999 majus
1530 2898 1643 2996 ellipfi'
1659 2899 1809 2971 ACBD.

474 3011 701 3109 intelligatur
725 3009 932 3107 inscriptum
953 3013 1034 3098 effe,
1052 3014 1142 3088 etin
1160 3016 1295 3090 circulo
1318 3019 1451 3090 AEBF
1471 3014 1682 3087 inscribatur
1706 3013 1810 3112 poly-

475 3151 611 3224 gonum
628 3126 741 3200 srmile
764 3125 822 3213 ei,‘
834 3127 941 3223 ,quod
959 3128 994 3199 in
1017 3128 1150 3202 circulo
1166 3131 1273 3203 NOP
1291 3130 1500 3225 inscriptum
1517 3126 1577 3200 est.
1622 3127 1670 3198 Et
1685 3126 1730 3198 ab
1748 3151 1811 3197 an·

476 3243 569 3340 gulis
593 3231 766 3341 polygoni
791 3242 828 3316 in
851 3241 987 3317 circulo
1011 3243 1143 3317 AEBF
1169 3242 1328 3341 inscripti
1358 3244 1401 3317 ad
1419 3267 1524 3316 axern
1553 3242 1619 3314 AB
1637 3240 1813 3314 ducantur

476 3358 794 3455 perpendiculares,
804 3377 840 3430 et
852 3357 887 3431 in
900 3358 1009 3456 ellipsr
1022 3359 1228 3433 inscribatur
1239 3360 1464 3456 polygonum
1473 3379 1513 3431 ut
1527 3359 1561 3430 in
1574 3357 1812 3457 praecedente.

476 3474 578 3546 Tum
599 3496 663 3568 per
683 3473 940 3570 praecedentem
961 3491 1009 3545 ut
1036 3473 1100 3545 EF
1120 3473 1165 3546 ad
1193 3475 1261 3545 CD
1290 3474 1340 3548 ita
1368 3475 1592 3571 polygonum
1617 3474 1651 3546 in
1679 3472 1813 3544 circulo

477 3586 609 3660 AEBF
626 3584 830 3683 inscriptum
848 3586 891 3660 ad
911 3586 1134 3684 polygonum
1150 3587 1319 3685 inellipfi
1343 3587 1559 3686 inscriptum.
1602 3587 1673 3661 Sed
1688 3607 1730 3659 ut
1746 3587 1813 3658 eir·

478 3700 577 3771 culus
595 3699 726 3774 AEBF
743 3700 788 3772 ad
805 3699 977 3774 circulum
997 3701 1102 3773 NOP
1121 3701 1168 3773 ita
1188 3701 1253 3774 EF
1270 3701 1315 3774 ad
1328 3702 1409 3788 CD,
1431 3721 1467 3773 ct
1483 3701 1630 3798 proinde
1650 3709 1702 3795 (1.
1720 3721 1756 3773 et
1779 3723 1811 3773 2.
1944 3757 1947 3761 »

482 3816 557 3904 12.)
572 3833 613 3886 ut
630 3814 692 3887 EF
710 3815 754 3887 ad
775 3817 843 3889 CD
868 3815 915 3887 ita
928 3815 1152 3912 polygonum
1180 3817 1216 3889 in
1241 3816 1378 3889 circulo
1395 3816 1527 3889 AEBF
1546 3816 1751 3915 inscriptum
1769 3816 1813 3888 ad

478 3927 698 4025 polygonum
716 3928 753 4001 in
776 3928 911 4002 circulo
936 3930 1045 4003 NOP
1063 3929 1279 4029 inscriptum.
1325 3931 1449 4028 Itaque
1475 3933 1555 4028 (ιι.
1584 3932 1633 4028 ς.)
1654 3949 1694 4003 ut
1709 3930 1814 4027 poly-

478 4066 614 4139 gonum
626 4042 662 4116 in
675 4043 809 4119 circulo
820 4046 952 4118 AEBF
966 4044 1173 4146 inscriptum
1185 4047 1231 4119 ad
1248 4046 1471 4144 polygonum
1487 4047 1523 4119 in
1541 4047 1653 4145 ellipsr
1670 4045 1815 4144 inscrip-

480 4158 620 4231 tum‘ita
632 4157 725 4231 idern
733 4147 955 4256 polygonum
973 4161 1009 4233 in
1022 4160 1156 4233 circulo
1170 4161 1301 4234 AEBF
1316 4161 1520 4260 inscriptum
1536 4164 1579 4234 ad
1592 4162 1816 4261 polygonum

482 4270 517 4343 in
538 4269 672 4343 circulo
689 4271 793 4344 NOP
817 4271 1044 4371 inscriptum3
1072 4273 1223 4371 ideoque
1247 4278 1471 4375 polygonum
1501 4279 1536 4351 in
1554 4278 1687 4351 circulo
1710 4277 1816 4351 NOP

479 4382 689 4481 inscriptum
705 4385 841 4481 aequale
859 4383 908 4458 est
932 4386 1115 4483 polygono
1137 4389 1237 4486 quod
1261 4393 1298 4465 in
1321 4380 1432 4492 ellipfi
1452 4394 1669 4478 inscribitur;
1697 4413 1818 4466 contra

483 4499 787 4574 construdiionem.
833 4501 887 4573 Sit
904 4526 1002 4588 vero,
1021 4501 1134 4576 srfieri
1147 4504 1275 4600 potest,
1294 4506 1447 4581 circulus
1458 4509 1567 4581 NOP
1580 4507 1696 4581 minor
1710 4532 1818 4606 quam

479 4615 610 4712 ellipsis
627 4616 778 4689 ACBD,
822 4614 955 4690 Rursus
973 4617 1101 4713 potest,
1127 4617 1163 4691 in
1184 4619 1299 4718 ellipsr
1317 4623 1467 4708 ACBD,
1491 4622 1543 4694 uti
1562 4622 1670 4695 etiam
1698 4623 1733 4695 in
1752 4623 1820 4694 cir·

484 4728 566 4800 culo
589 4728 735 4816 AEBF,
761 4727 903 4804 inscribi
930 4729 1167 4829 polygonum,
1187 4732 1235 4807 ita
1256 4755 1297 4810 ut
1323 4738 1544 4834 polygonum
1571 4738 1607 4810 in
1633 4737 1744 4835 ellipsr
1763 4737 1818 4809 in·

483 4841 651 4940 scriptum
677 4841 790 4942 majus
818 4843 861 4918 srt
890 4845 1024 4918 circulo
1051 4848 1180 4920 NOP:
1220 4869 1256 4923 et
1278 4853 1472 4950 polygono‚
1501 4854 1599 4951 quod
1626 4853 1662 4925 in
1687 4852 1820 4925 circulo

477 4958 614 5070 aaut
642 4957 854 5048 inscribitur,
880 4959 994 5035 srmile
1017 4962 1242 5059 polygonum
1256 4967 1469 5073 'inscribatur
1491 4968 1526 5042 in
1550 4969 1684 5042 circulo
1701 4967 1820 5039 NOP.

1149 5080 1185 5153 0
1642 5138 1647 5148 .
1770 5081 1822 5154 Et
