5184 6600
827 995 997 1151 Caput
1039 988 1340 1104 Secundum
1406 1008 1412 1016 “
1507 1015 1511 1023 ’
1644 1026 1755 1144 341

418 1270 573 1338 ornaret
593 1247 832 1330 Coni'corum
849 1244 1075 1337 doetrinam,
1095 1243 1156 1323 vel
1174 1244 1215 1323 in
1230 1243 1352 1349 magis
1367 1265 1452 1324 eam
1473 1239 1696 1350 proveheret
1710 1245 1763 1348 ;†
1798 1254 1944 1377 *ffl-

420 1422 541 1502 quam
567 1419 645 1472 non
672 1387 739 1468 nifi
759 1402 918 1467 centum
935 1382 1076 1464 abhinc
1095 1382 1244 1462 circiter
1262 1382 1368 1462 annis
1395 1383 1521 1491 vigere
1540 1384 1696 1475 iterum,
1725 1401 1764 1464 et

419 1559 518 1613 nova
530 1558 579 1610 ex
594 1528 795 1608 doctorum
814 1524 1018 1607 hominum
1037 1522 1167 1605 studiis
1186 1523 1422 1605 incrementa
1449 1550 1583 1633 capere
1609 1524 1762 1605 tandem

416 1646 625 1778 aliquando
643 1667 784 1746 evenit.

472 1812 516 1891 81
546 1831 647 1907 ers
671 1808 984 1885 Arorrommr
1008 1803 1148 1885 interea
1165 1829 1257 1882 cum
1282 1801 1343 1894 iia,
1361 1796 1444 1909 ‘qui
1472 1802 1645 1910 proxime
1668 1830 1761 1885 eum

416 1947 536 2029 secuti
559 1944 661 2035 sunt,
689 1940 980 2025 Mathematicis
1006 1941 1206 2048 diligenter
1229 1939 1415 2054 conferet,
1444 1940 1529 2022 satis
1559 1960 1603 2021 ut
1627 1942 1759 2052 existi-¹

418 2086 604 2167 mnndum
633 2082 702 2175 est,
731 2080 871 2163 harum
897 2110 1026 2163 rerum
1051 2101 1254 2189 utramque
1277 2107 1348 2190 pro
1373 2099 1569 2188 comperto
1589 2079 1760 2172 habebit,

415 2223 646 2306 salebrosum
672 2248 765 2303 eum
787 2239 829 2302 et
854 2220 1051 2306 difficilem
1071 2221 1158 2315 elie,
1188 2220 1280 2328 quia
1299 2220 1387 2301 coni
1402 2217 1624 2301 affectiones
1649 2248 1762 2328 aeqno

416 2364 530 2444 citius
562 2391 585 2444 e
615 2360 796 2445 manibus
833 2360 1004 2454 dimifit3
1043 2359 1410 2444 commentariorum
1438 2377 1567 2440 autem
1604 2360 1643 2440 in
1671 2375 1762 2444 eum

415 2503 640 2611 Scriptores,
659 2497 756 2582 mire
776 2500 1062 2610 quodammodo
1079 2498 1156 2580 hoc
1175 2498 1316 2605 ipsum,
1338 2499 1443 2605 quod
1462 2498 1658 2605 Apollonii
1678 2498 1760 2577 stu·

413 2639 525 2723 diofia
546 2640 743 2748 negotium
762 2655 958 2749 tantopere
976 2635 1133 2729 faceffit,
1163 2663 1240 2717 non
1266 2633 1408 2715 vidisse.
1457 2636 1636 2717 Multum
1655 2638 1760 2715 enim

411 2794 452 2861 et
471 2777 599 2861 sedulo
618 2780 659 2860 in
685 2774 762 2858 hoc
789 2777 826 2858 se
849 2774 1125 2884 defatigabant,
1153 2774 1181 2856 li
1207 2796 1442 2882 quocunque
1461 2760 1619 2855 demum
1644 2774 1762 2855 modo

409 2917 647 3026 explicarent
676 2943 735 3008 ea,
770 2944 856 3024 qua
886 2915 971 3027 post
1002 2914 1198 3021 primariae
1231 2912 1311 2995 suas
1334 2913 1604 3021 propolitiones
1635 2911 1761 3021 posuit

366 3128 371 3136 .
413 3055 659 3163 Apollonius.
704 3055 770 3137 Ad
795 3052 889 3138 illud
921 3051 1170 3136 recurrebant
1200 3049 1355 3143 interea,
1384 3049 1444 3132 vel
1469 3049 1672 3135 dimidium
1699 3037 1757 3134 la·

390 3194 513 3279 ‘bona
543 3197 584 3280 iu
608 3222 743 3278 eorum
764 3194 1021 3304 explicatione
1049 3192 1230 3302 positum,
1259 3219 1346 3300 quae
1370 3189 1605 3299 Appollonio
1631 3191 1757 3270 omnis

393 3316 486 3416 vsure
504 3331 677 3415 methodi
696 3350 737 3413 et
752 3335 909 3414 rationis
929 3332 1177 3415 fundamenta
1195 3350 1317 3428 erant,
1346 3332 1533 3416 feliciores
1552 3332 1666 3438 longe
1686 3357 1756 3412 ex-

410 3473 489 3556 itur
508 3471 733 3555 habiturum
752 3471 874 3555 fuiffe.

468 3613 683 3694 Taunero
703 3609 922 3720 aliquando,
952 3628 992 3692 et
1018 3611 1167 3719 primur
1190 3613 1252 3693 uti
1269 3610 1433 3705 videtur,
1462 3611 1501 3695 id
1528 3613 1577 3694 de
1597 3639 1676 3719 quo
1695 3611 1756 3693 lo·
1790 3607 1939 3669 Μ’Μ·

1817 3709 1909 3748 etus.

411 3956 487 4014 mine
509 3973 557 4016 aut
577 3955 695 4023 indicio,
717 3970 826 4018 tantum
840 3974 870 4019 ut
885 3960 1035 4019 Auctorem
1051 3959 1086 4018 de
1102 3961 1223 4039 Speculo
1237 3961 1433 4021 Comburenti.
1471 3959 1591 4036 sobjicit
1605 3960 1730 4038 Gogava
1744 3984 1763 4043 ;⁷

408 4066 431 4097 ‘⁴
443 4061 601 4122 Posterioria
613 4062 716 4121 Libelli
725 4064 1035 4128 AuctorVetullissimus
1043 4067 1094 4133 est,
1104 4080 1134 4124 et
1144 4065 1218 4124 inter
1228 4065 1334 4144 primos
1345 4066 1394 4144 qni
1404 4063 1501 4124 bande
1512 4085 1541 4123 re
1551 4064 1637 4124 literir
1648 4064 1755 4143 aliquid
1870 4051 1875 4067 ⁹

354 4177 356 4180 ·
409 4164 591 4234 mandavere,
612 4164 679 4225 ficut
698 4185 736 4230 ex
759 4168 927 4235 afarano-e
951 4170 1024 4235 illius
1046 4170 1200 4250 colligitur.
1246 4174 1334 4234 Porro
1357 4173 1441 4250 stylus
1465 4170 1574 4250 prorsus
1599 4171 1753 4231 Arabicum

410 4270 546 4349 quiddam
565 4270 654 4338 sonat,
673 4286 703 4330 ut
717 4286 813 4350 putem
828 4274 892 4333 hinc
907 4273 944 4332 ad
957 4294 1007 4333 nor
1021 4275 1195 4342 transsatum,
1217 4275 1234 4334 a
1247 4296 1304 4357 qno
1317 4276 1472 4356 desumptas
1485 4276 1688 4355 propontiones
1700 4276 1754 4335 Vi-

410 4372 490 4432 tellio
503 4373 532 4432 in
550 4377 631 4455 Opus
648 4375 730 4436 ‚suum
750 4377 880 4438 contulit.
916 4378 1021 4438 Peioris
1035 4380 1176 4439 recentior
1187 4376 1241 4438 ell‘c
1254 4380 1374 4448 videtur,
1395 4382 1498 4462 quique
1512 4381 1631 4460 Rogerii
1648 4382 1754 4457 (Bacu-

410 4476 467 4550 nis)
485 4491 567 4535 aetate
580 4475 728 4539 vixerit.”¹

451 4592 471 4657 †
494 4581 578 4640 Ab.
595 4591 606 4640 ι’
614 4602 685 4661 522.
705 4586 913 4666 Nurenrbergae
926 4587 1058 4665 vulgatur
1071 4589 1109 4647 est
1127 4594 1152 4626 ⁰
1168 4588 1297 4658 Libellus
1311 4591 1429 4669 Joannir
1442 4591 1563 4664 Vemeri
1577 4590 1754 4651 Nurember-

344 4739 348 4747 .
412 4685 505 4766 gensrs
518 4685 599 4766 super
618 4687 838 4767 Viginticluobne
854 4692 1006 4754 Elementir
1029 4692 1189 4759 Conicirssl
1215 4697 1286 4775 Qae
1311 4697 1459 4756 Elementa
1480 4698 1617 4775 appellat,
1638 4695 1755 4756 totidem

408 4790 604 4850 tantummodo
615 4794 813 4872 propofitiones
826 4797 899 4865 sunt,
912 4799 1000 4856 velut
1013 4817 1073 4856 rem
1088 4799 1179 4859 verius
1191 4799 1294 4870 dicam,
1309 4801 1339 4860 in
1349 4802 1489 4861 seniores
1501 4803 1635 4870 Conicas,
1649 4820 1754 4879 magna

411 4913 446 4952 ex
467 4911 561 4977 parte,
582 4899 742 4958 Lemmata.
776 4901 822 4961 De
837 4902 937 4982 Ellipsr
949 4917 1057 4979 autem,
1078 4917 1158 4964 extra
1171 4905 1231 4982 ejus
1245 4905 1454 4978 definitionem,
1475 4908 1590 4969 omnino
1611 4906 1679 4982 nihil
1701 4907 1754 4963 ha-

410 4999 485 5076 jusce
500 5001 601 5082 Operis
616 5003 727 5065 Editor.

1583 5096 1752 5204 quimus,
