5184 6600
773 910 847 1029 16
997 867 1885 1080 BffwwmssmwmwlnoL
1967 896 1977 915 ’

766 1125 861 1206 circo
879 1134 1055 1233 contingit
1071 1135 1261 1209 senionem
1278 1136 1314 1210 in
1331 1139 1467 1235 puncto
1490 1139 1533 1211 F.
1586 1136 1733 1224 Rursus,
1760 1139 1930 1239 quoniam
1947 1140 2098 1236 planum

766 1247 926 1321 sectionis
953 1274 1016 1347 per
1031 1251 1162 1323 renam
1190 1252 1258 1324 CG
1282 1252 1438 1340 ducitur,
1464 1252 1611 1350 planum
1630 1275 1716 1324 vcro
1746 1252 1958 1350 contingens
1979 1253 2100 1350 supcr-

765 1363 893 1437 ficiem'
912 1389 975 1460 per
1004 1366 1139 1438 rectam
1151 1367 1255 1454 VH;
1281 1369 1490 1466 contingens
1507 1370 1572 1443 FD
1591 1366 1721 1442 fecanti
1742 1366 1811 1441 CG
1835 1368 1899 1441 erit
1923 1366 2100 1466 parallelo,

764 1501 831 1577 per
848 1482 1003 1553 Lemma
1017 1507 1050 1555 2.

814 1594 899 1666 Cor.
928 1595 964 1667 Si
989 1594 1093 1669 sectio
1121 1596 1220 1669 CFG
1244 1620 1374 1670 conum
1392 1596 1517 1684 ambit,
1543 1614 1641 1694 patet
1666 1620 1709 1671 ex
1727 1596 1792 1669 hac
1817 1595 1925 1695 Prop.
1952 1613 1990 1669 ct
2011 1597 2100 1669 Cor.

767 1704 876 1803 Prop.
894 1729 929 1798 7.
956 1709 1042 1780 duas
1060 1710 1183 1795 rectas,
1209 1707 1336 1781 secanti
1353 1710 1420 1782 CG
1438 1712 1630 1808 parallelas,
1657 1730 1693 1784 et
1717 1712 1803 1784 duas
1820 1729 1960 1785 tanturn
1977 1710 2103 1786 scetio-

767 1844 850 1893 nem
880 1822 1108 1919 contingere3
1137 1823 1160 1895 st
1187 1848 1272 1896 vero
1288 1822 1395 1897 sectio
1422 1847 1553 1897 conum
1582 1850 1653 1900 non
1681 1826 1807 1912 ambit,
1834 1849 1941 1917 unam
1959 1843 2105 1902 tantum.

767 1933 971 2031 parallelum
989 1934 1118 2009 secanti
1136 1930 1423 2023 carectionem
1442 1938 1660 2037 contingere.

1084 2243 1088 2253 f
1228 2208 1642 2290 rnou.xu
1753 2160 1783 2204 ⁶

770 2381 929 2486 Quaevis
961 2386 1062 2463 recta
1092 2385 1205 2463 lateri
1234 2386 1326 2465 coni
1359 2385 1556 2493 parallelo,
1591 2386 1717 2465 modo
1740 2412 1818 2465 non
1840 2386 1885 2467 fit
1914 2386 1955 2466 r‘n
1988 2387 2110 2497 plano

825 2505 1072 2614 superficiem
1105 2508 1321 2587 secundum
1355 2508 1456 2588 letos
1475 2508 1604 2615 ipfum
1636 2509 1908 2616 contingente,
1939 2512 2009 2590 uni
2041 2510 2107 2591 su·

825 2628 1076 2735 perficierum
1098 2630 1363 2741 oppofitarom
1384 2633 1427 2711 in
1446 2659 1528 2711 uno
1546 2634 1709 2742 puncto,
1730 2651 1769 2712 et
1789 2635 1830 2713 in
1846 2632 1918 2716 isto
1933 2652 2110 2731 tantum,

824 2772 1018 2834 occurset·

632 3002 651 3040 c
720 3024 727 3040 ,
844 2943 910 3017 IT
944 2944 1038 3018 τεᾶα
1062 2945 1133 3018 DC
1162 2943 1329 3042 parallelo
1346 2942 1455 3017 *lateri
1481 2943 1545 3016 VB
1573 2943 1654 3016 coni
1684 2944 1837 3032 VAGB,
1864 2969 1935 3018 non
1960 2966 2052 3018 vcro
2071 2944 2111 3019 in'

701 3063 728 3121 ἰ
860 3060 967 3158 plano
985 3061 1218 3159 contingente
1235 3056 1456 3159 superficiem
1474 3058 1668 3133 secundom
1691 3060 1782 3133 latus
1805 3061 1870 3132 VB
1882 3093 1893 3143 ;
1922 3059 2018 3133 rena
2039 3061 2108 3133 DC

769 3175 831 3247 uni
858 3172 1121 3270 superficierum
1147 3175 1389 3273 opposrtarum
1419 3175 1456 3249 in
1482 3200 1557 3249 ono
1584 3174 1722 3274 puncto
1748 3194 1783 3250 et
1810 3174 1847 3251 in
1875 3173 1941 3248 isto
1969 3194 2112 3250 tantum

770 3310 941 3364 occurret.

821 3403 1050 3500 Intelligatur
1076 3405 1223 3503 planum
1242 3402 1462 3502 superficiem
1480 3398 1676 3477 secundom
1697 3402 1788 3476 latos
1804 3401 2113 3500 VBcontingcnc,

772 3516 873 3616 cujus
891 3544 971 3591 conr
991 3520 1096 3616 plano
1114 3519 1201 3592 basrs
1217 3502 1416 3592 interfectio
1433 3517 1475 3590 srt
1490 3518 1584 3590 recta
1606 3518 1665 3616 131.
1717 3517 1785 3590 Per
1803 3518 2115 3615 reetaspmallcla's

772 3634 849 3719 VB,
878 3633 948 3704 DC
983 3631 1130 3706 transeat
1165 3633 1314 3730 planum
1344 3632 1508 3728 secetque
1539 3632 1688 3731 planum
1719 3631 1808 3706 bafis
1841 3633 1878 3705 in
1908 3633 2004 3706 recta
2031 3635 2111 3714 AB.

771 3750 885 3824 Recta
919 3749 1027 3849 igitur
1062 3751 1108 3823 Bl
1143 3749 1255 3823 bafitn
1288 3749 1369 3823 coni
1403 3748 1601 3846 continget,
1639 3766 1675 3820 et
1710 3763 1897 3846 propterca
1937 3747 2022 3846 (16.
2050 3750 2111 3842 3.)

771 3863 866 3936 resta
884 3864 949 3936 AB
968 3861 1077 3936 bafint
1093 3860 1207 3950 sccat3
1235 3864 1406 3964 quoniam
1423 3887 1493 3937 non
1510 3863 1571 3950 est,
1597 3886 1660 3962 per
1687 3861 1838 3960 hypoth.
1858 3862 1894 3935 in
1918 3863 2028 3960 plano
2047 3884 2113 3959 per

771 3978 882 4050 rectas
899 3977 977 4064 VB,
993 3980 1040 4051 BI
1068 3978 1278 4057 transeunte.
1321 3980 1472 4059 Planum
1491 3977 1601 4075 igitur
1625 4002 1690 4077 per
1705 3977 1816 4051 rectas
1834 3976 1911 4064 VB,
1925 3976 1995 4048 DC
2019 3992 2113 4049 tran-

773 4092 861 4166 fiens
877 4091 1078 4190 superficies
1096 4092 1226 4170 secabit
1246 4097 1282 4171 in
1299 4099 1405 4169 altero
1421 4095 1501 4169 coni
1526 4096 1633 4167 latere
1649 4111 1778 4191 praetcr
1793 4092 1869 4171 VB.
1914 4092 2019 4164 Secet
2043 4089 2121 4197 cas·⁴

772 4210 856 4283 dem
874 4212 910 4284 in
927 4211 1035 4285 latere
1058 4213 1142 4285 AV.
1195 4215 1426 4315 Qapropter
1450 4212 1556 4285 κᾶε
1580 4211 1659 4299 VB,
1677 4210 1761 4295 DC,
1778 4207 1851 4281 AV
1875 4225 1978 4282 erunt
1993 4205 2117 4304 pofitae

773 4325 810 4397 in
827 4325 955 4399 eodem
980 4325 1100 4423 plano.
1151 4328 1282 4402 Latera
1304 4349 1425 4421 autem
1450 4327 1532 4402 coni
1546 4327 1631 4414 AV,
1646 4327 1709 4398 VB
1731 4322 1795 4398 fibi
1809 4323 1965 4396 invicem
1980 4322 2018 4394 in
2034 4346 2115 4393 ver·

774 4437 844 4511 tice
868 4440 904 4508 V
931 4459 1137 4526 occurrunt,
1164 4461 1201 4513 et
1227 4442 1359 4516 idcirco
1386 4467 1450 4541 per
1477 4444 1632 4517 Lemma
1654 4464 1688 4514 1.
1713 4437 1808 4511 κᾶε
1825 4438 1897 4510 AV
1913 4434 2019 4509 κᾶε
2041 4433 2118 4508 Dc

774 4571 947 4626 occurret.
999 4554 1113 4626 Recta
1131 4578 1218 4626 vero
1238 4541 1311 4628 AV
1331 4573 1406 4628 tota
1422 4551 1526 4628 estin
1547 4547 1731 4653 superficie
1748 4546 1872 4622 conica
1884 4565 1920 4619 ct
1943 4546 2121 4644 producta

775 4667 810 4743 in
821 4665 1001 4765 superficie
1014 4668 1186 4768 oppofita,
1211 4694 1273 4767 per
1294 4671 1379 4744 Cor.
1399 4671 1504 4767 Prop.
1526 4690 1559 4742 2.
1610 4665 1711 4764 Ergo
1723 4662 1819 4737 recta
1834 4662 1902 4734 DC
1919 4659 1982 4731 uni
1998 4658 2115 4764 super·

775 4780 936 4856 ficierum
951 4801 1126 4857 occurret.
1178 4783 1310 4858 Eidem
1332 4800 1453 4855 autern
1472 4782 1508 4855 in
1534 4767 1608 4854 ono
1631 4778 1765 4878 puncto
1783 4777 1869 4852 etin
1895 4774 1959 4849 isto
1975 4792 2119 4848 tanturn

774 4917 948 4978 occurret.
997 4901 1098 4976 Nam
1121 4899 1270 5003 planum
1295 4919 1360 5000 per
1384 4893 1569 4996 parallelas
1595 4893 1674 4984 VB,
1701 4893 1770 4970 DC
1800 4887 1968 5003 tranfiens
1996 4885 2117 4987 super·

787 5036 790 5043 ·
872 5021 875 5034 '
910 5054 912 5058 ·
989 5019 991 5023 ’
1103 5033 1106 5038 ’
1734 5026 1737 5033 “
2019 4998 2124 5079 ficiet
