5184 6600
846 940 1017 1099 Caput
1057 931 1306 1055 Tertiumss
1409 948 1418 1069 J
1520 1058 1524 1065 ,
1636 965 1753 1086 359

415 1202 566 1313 penitus
585 1192 780 1285 insederat,
797 1191 914 1271 effusa
932 1191 1014 1299 spes
1035 1188 1104 1281 est,
1120 1215 1247 1295 neque
1267 1186 1373 1266 enim
1393 1185 1503 1293 plura
1520 1211 1568 1263 ex
1588 1181 1755 1291 Apollo-

414 1345 480 1424 nio
506 1344 547 1420 in
573 1337 651 1420 hoc
672 1332 815 1413 Codice
833 1350 960 1410 extare
979 1347 1222 1436 compertum
1251 1327 1320 1417 est,
1351 1352 1469 1434 quam
1494 1324 1534 1401 in
1552 1323 1670 1401 altero
1690 1322 1757 1401 illo

417 1464 540 1545 Golii.
595 1462 724 1539 Immo
749 1482 877 1563 neque
909 1453 957 1532 ad
987 1452 1093 1533 hunc
1125 1450 1245 1558 usque
1281 1449 1383 1530 diem
1409 1446 1607 1555 Apollonii
1636 1443 1756 1532 Liber
1872 1562 1877 1565 ἱ

414 1600 617 1683 οἱίαυωίη
635 1597 766 1674 lucem
784 1592 938 1702 prodiit,
957 1591 1020 1670 vel
1041 1586 1190 1679 Graecd,
1210 1587 1271 1666 vel
1294 1588 1411 1666 etiam
1432 1583 1611 1665 Verfione
1631 1583 1758 1689 aliqud

413 1740 590 1820 donatus.
625 1729 801 1814 Tantum
820 1731 920 1810 illius
933 1731 1123 1837 jacturam
1141 1728 1321 1809 leviorem
1341 1726 1434 1806 fecit
1453 1725 1516 1804 Cl.
1538 1726 1755 1804 Hntnuu

413 1875 609 1964 industria,
637 1891 676 1952 et
700 1872 843 1978 ingenii
870 1892 1047 1963 acumen,
1077 1868 1146 1978 qui
1167 1868 1213 1946 in
1227 1866 1463 1947 restituendo
1492 1892 1537 1945 eo
1568 1861 1757 1972 plauden-

414 2012 518 2094 tibus
551 2009 731 2091 omnibus
760 2009 797 2086 se
829 2007 1012 2098 exercuit,
1042 2005 1211 2086 subfidiis
1237 2007 1278 2085 in
1308 2003 1415 2084 hunc
1444 2002 1562 2082 finem
1580 2003 1626 2083 iis
1653 2003 1755 2094 usus,

414 2179 503 2260 quae
521 2133 713 2255 ex‘Pappi
732 2148 1001 2228 Lemmatibus
1019 2148 1060 2225 in
1075 2146 1285 2255 septimum
1303 2162 1342 2227 et
1360 2146 1541 2227 octavum
1559 2140 1759 2252 Apollonii

415 2288 533 2368 libros
552 2283 774 2393 conscriptis
793 2285 864 2365 fibi
881 2313 1100 2394 comparare
1119 2288 1261 2394 potuit.

475 2428 531 2504 Et
550 2422 708 2531 quidem
725 2422 772 2501 de
789 2423 862 2502 illis
881 2452 929 2503 ex
941 2424 1140 2531 Apollonii
1157 2423 1204 2503 de
1218 2423 1377 2502 Conicis
1395 2449 1522 2530 opere,
1541 2449 1627 2529 quae
1643 2419 1758 2502 hodie

415 2592 494 2646 non
513 2563 726 2671 supersunt,
744 2559 941 2642 hactenus.
972 2566 1066 2665 Qro
1081 2577 1213 2641 autem
1226 2558 1375 2650 saecu10,
1395 2579 1461 2639 aut
1480 2590 1557 2670 qua
1576 2563 1758 2670 temporis

414 2702 556 2808 injuria
583 2700 869 2794 interciderunt,
902 2701 1062 2780 omnino
1094 2726 1172 2779 non
1203 2698 1360 2778 constat.
1414 2701 1591 2780 Tantum
1611 2702 1760 2781 Conica

415 2841 496 2948 ejus
524 2843 673 2947 integra
699 2837 807 2918 fuisse
827 2840 951 2947 Pappi
978 2853 1099 2928 aetate,
1116 2855 1158 2917 et
1184 2837 1300 2917 etiam
1319 2838 1476 2919 Eutocii
1504 2840 1588 2918 satis
1618 2839 1757 2946 liquet,

415 3004 510 3058 cum
529 2982 733 3060 Lemmata
751 2977 791 3055 in
810 2978 900 3057 odto
918 2975 1116 3086 Apollonii
1137 2975 1253 3056 libros
1271 2975 1414 3058 horum
1443 2978 1538 3057 alter
1555 2977 1756 3085 scripserit,

416 3116 510 3197 alter
547 3119 588 3196 in
625 3116 767 3224 priores
801 3132 978 3223 quatuor,
1014 3115 1178 3196 fimilem
1209 3144 1364 3225 quoque
1395 3119 1494 3198 circa
1526 3117 1692 3225 reliquos
1722 3118 1760 3198 se
1828 3144 1832 3151 ¹

328 3340 335 3345 ,
416 3283 572 3368 operam
590 3255 802 3365 positurum
820 3254 892 3336 effe
914 3252 1112 3336 Anthemo
1131 3254 1370 3364 pollicitus*

472 3398 563 3502 Jam
580 3412 710 3475 autem
727 3395 756 3474 fi
775 3421 817 3472 ea
837 3395 1079 3504 respiciamus
1098 3392 1225 3486 unies,
1252 3423 1338 3502 quae
1356 3425 1405 3477 ex
1423 3398 1572 3507 integro
1591 3397 1759 3507 Apollo-

416 3537 469 3616 nii
489 3562 601 3645 opere
621 3533 731 3614 nobis
745 3533 831 3639 jam
848 3534 896 3613 ad
913 3561 1056 3615 manus
1070 3536 1170 3625 sunt,
1189 3533 1268 3613 fere
1286 3530 1384 3614 nihil
1411 3535 1466 3614 est
1485 3536 1589 3644 quod
1608 3535 1656 3614 ad
1674 3537 1759 3615 Co-

417 3677 596 3755 nieorum
614 3671 826 3752 dostrinam
858 3674 1035 3781 pertinet,
1066 3674 1177 3777 cujus
1203 3673 1407 3777 vestigium
1430 3676 1586 3783 aliquod
1619 3695 1658 3753 et
1677 3674 1759 3782 pri·

417 3842 505 3904 mae,
534 3832 577 3890 ut
597 3814 649 3890 ita
668 3813 808 3903 dicam,
823 3810 929 3890 lineae
947 3813 988 3890 in
1007 3810 1227 3891 doctiffimis
1245 3809 1348 3890 hisce
1368 3813 1514 3917 Pergaei
1532 3811 1661 3889 Libris
1680 3838 1759 3889 non

417 3948 661 4058 agnoscendae
677 3949 778 4028 sunt.

476 4092 536 4169 Ut
563 4117 645 4169 rem
664 4117 821 4169 omnem
848 4090 988 4169 interea
1007 4090 1121 4202 paulo
1140 4091 1253 4172 altius
1273 4112 1504 4201 repetamus,
1533 4089 1629 4171 nihil
1654 4091 1757 4169 veri-

419 4229 577 4310 srmilius
596 4226 759 4321 videtur,
780 4256 899 4336 quam
917 4232 1017 4308 inter
1034 4259 1078 4310 ea
1096 4256 1182 4339 quae
1199 4234 1332 4344 primis
1354 4232 1588 4341 temporibus
1607 4259 1629 4309 a
1649 4233 1758 4309 Geo-

417 4367 548 4444 metris
569 4367 861 4456 uastauerant,
881 4364 990 4444 fuisse
1011 4371 1202 4476 praecipue
1222 4372 1409 4451 testarum
1429 4373 1619 4451 linearum
1635 4369 1757 4449 affec-
1808 4462 1812 4470 .

422 4504 542 4582 tiones
561 4504 608 4581 ad
631 4507 751 4586 redes
770 4504 930 4612 angulos
948 4505 986 4584 se
1006 4509 1173 4588 invicem
1191 4509 1413 4589 secantium.
1447 4503 1637 4589 Pofitione
1654 4510 1759 4590 enim

788 4850 820 4906 κ*
840 4850 915 4915 ude
929 4852 1078 4935 Apollonii
1092 4856 1210 4931 Corsica,
1231 4879 1299 4941 pag.
1314 4862 1384 4921 218.
1649 4944 1677 5022 li

1532 5005 1536 5013 ·
1678 4971 1756 5025 neae
