5184 6600
669 991 671 994 .
774 1014 776 1024 ,
848 902 1021 1061 Caput
1062 889 1326 1011 Primum.
1527 1042 1530 1043 ἦ
1632 923 1750 1045 319

412 1163 478 1256 tit,
506 1159 670 1243 multra
688 1157 849 1238 Conone
878 1151 1028 1261 scriptis
1057 1148 1236 1230 mandata
1263 1143 1372 1227 fuiffe
1395 1143 1649 1254 judicandum
1680 1143 1760 1263 est,-

417 1302 698 1411 qualiacunque
728 1296 871 1379 fuerint
893 1319 938 1371 ea
959 1318 1046 1400 quae
1063 1289 1111 1368 ad
1130 1288 1367 1368 Conicorum
1395 1284 1609 1365 doctrinam
1638 1282 1749 1392 spec·

417 1440 558 1520 euntia
586 1437 804 1519 elaboravit.
847 1432 1051 1513 Nimirum
1081 1453 1158 1536 qua
1178 1425 1281 1535 apud
1308 1423 1477 1535 posteros
1503 1422 1579 1504 fuit
1605 1422 1752 1529 semper

416 1577 528 1659 famae
557 1575 780 1657 claritudine
798 1573 904 1653 illam
921 1571 1091 1651 maxima
1109 1567 1244 1647 saltem
1264 1594 1314 1646 ex
1333 1584 1440 1675 parte
1466 1564 1652 1645 affecutus
1682 1561 1752 1655 est,

417 1737 574 1827 propter
592 1744 649 1809 ea,
690 1715 830 1823 quibus
851 1729 984 1820 utpote
1012 1712 1069 1790 rei
1088 1708 1365 1790 Astronomicae
1390 1707 1534 1816 peritus
1559 1703 1753 1785 eminebat
1799 1770 1802 1779 ,

418 1854 577 1949 studiis3
609 1873 653 1934 ut
671 1853 774 1964 apud
793 1851 993 1931 Catullum
1010 1846 1065 1928 est
1088 1848 1129 1926 in
1158 1849 1203 1928 iis
1223 1874 1310 1955 quae
1339 1846 1387 1927 de
1420 1871 1533 1926 coma
1552 1846 1753 1926 Berenices

417 1991 518 2087 lusrt,
538 2021 587 2073 ex
605 1992 799 2101 deperdito
819 1989 1050 2071 Callimachi
1067 1984 1255 2097 poemate,

585 2130 731 2210 Omnia
750 2130 817 2239 qui
834 2130 965 2238 magni
983 2128 1157 2236 despexit
1174 2127 1321 2207 lumina
1339 2127 1499 2219 Mundi,

640 2268 725 2376 Qi
739 2267 940 2346 Stellarum
957 2283 1063 2347 ortus
1082 2265 1271 2376 comperit
1290 2281 1406 2373 atque
1425 2263 1569 2345 obitur.
1709 2372 1712 2377 Ἴ

418 2408 474 2488 Et
492 2406 532 2486 in
550 2405 764 2486 suaviffimo
783 2404 849 2487 illo
868 2405 1022 2513 Virgilii
1040 2409 1223 2499 carmine,

584 2546 632 2624 In
646 2543 773 2624 medio
791 2542 868 2623 duo
886 2544 990 2651 signa
1002 2546 1372 2638 Conon,*--

477 2683 548 2762 Sed
567 2684 607 2763 in
626 2682 835 2763 transcursu
853 2682 937 2765 haec
955 2703 1070 2792 atque
1088 2685 1226 2765 obiter.
1274 2688 1335 2764 Ut
1359 2683 1408 2763 ad
1436 2682 1676 2792 propofitum
1693 2710 1756 2765 re-

419 2821 588 2913 deamus,
617 2821 735 2902 altera
759 2822 815 2902 est
841 2849 974 2902 corum
994 2823 1194 2915 sententia,
1224 2823 1293 2929 qui
1325 2821 1372 2900 de
1393 2845 1659 2903 Muuecrrruo
1678 2823 1756 2903 sta·
1795 2843 1929 2945 “2⁸:³5¹-

419 2977 549 3052 tuunt,
579 2963 751 3069 primum
768 2960 879 3041 fuiffe
896 2990 1001 3054 eum,
1030 2965 1100 3070 qui
1118 2960 1322 3042 Setlionum
1343 2944 1565 3059 Conicarum
1583 2959 1756 3043 affectio-

285 3180 293 3194 ,
419 3125 487 3177 nes
518 3097 717 3205 indagatus
748 3098 829 3178 est:
861 3100 966 3206 quod
984 3102 1100 3180 etiam
1118 3118 1157 3179 et
1175 3126 1197 3180 a
1215 3127 1306 3179 vero
1324 3099 1474 3181 fortaffe
1490 3127 1568 3181 non
1586 3078 1759 3185 multum

418 3236 578 3318 abludit.
619 3238 665 3317 In
684 3237 805 3345 ipsam
821 3239 925 3318 enim
944 3237 991 3318 de
1010 3238 1180 3332 Conicia,
1202 3254 1247 3318 ut
1264 3238 1311 3318 dc
1331 3224 1531 3320 Con'cboide
1549 3258 1589 3320 et
1609 3238 1760 3351 Ciffoide

418 3378 691 3485 cogitationem
709 3379 763 3457 ita
780 3376 948 3458 incidiffe
966 3378 1144 3459 homines
1160 3378 1422 3460 arbitrandum
1438 3378 1508 3470 est,
1537 3407 1630 3460 cum
1648 3380 1696 3460 ad
1714 3406 1758 3460 ea

418 3515 640 3595 devenerint
668 3515 917 3625 problemata,
948 3544 1034 3623 quae
1057 3520 1249 3597 rectarum
1267 3518 1456 3597 linearum
1475 3536 1513 3597 et
1531 3519 1667 3636 circuli
1684 3548 1759 3629 ope

419 3653 560 3734 confici
578 3674 789 3762 nequeunt.
840 3658 904 3736 Ex
923 3657 1065 3764 quibus
1082 3657 1198 3735 etiam
1219 3658 1411 3763 praecipua
1429 3647 1515 3736 sunt
1537 3658 1667 3764 anguli
1686 3662 1758 3738 tri·

420 3792 546 3883 sectio,
566 3808 606 3870 et
621 3764 785 3873 duarum
805 3790 1148 3900 proportionalium
1163 3792 1263 3869 inter
1277 3788 1380 3869 datas
1395 3791 1487 3869 duas
1507 3795 1624 3872 rectas
1643 3793 1760 3873 lineas

421 3928 670 4038 interpofitio.
720 3933 939 4037 Utramque
968 3930 1086 4037 igitur
1115 3955 1164 4008 ex
1192 3926 1295 4007 hisce
1326 3927 1441 4007 rebus
1474 3946 1519 4008 ut
1549 3930 1760 4024 efficerent,

418 4068 516 4148 illud
535 4067 740 4176 praesertim
758 4068 861 4177 quod
882 4068 930 4147 ad
949 4068 1063 4147 lineas
1083 4067 1382 4177 proportionales
1401 4069 1551 4160 attinet,
1569 4069 1761 4151 strenuam

421 4208 567 4287 navaffe
601 4233 756 4316 operam
789 4205 1089 4289 Mathematicos
1119 4225 1262 4289 veteres
1296 4207 1575 4316 intelligimus:
1615 4212 1655 4290 in
1686 4237 1762 4318 qua

421 4347 534 4425 etiam
563 4371 672 4422 arena
702 4343 738 4422 se
763 4348 932 4425 exercuit
956 4345 1230 4439 Menechmus‚
1260 4347 1415 4428 Eudoxi
1434 4348 1653 4456 discipulus,
1683 4376 1762 4446 non
1804 4424 1809 4430 .

421 4485 475 4563 ira
492 4484 619 4565 multo
637 4482 721 4592 post
738 4484 906 4564 Platonis
925 4502 1113 4594 tempora,
1144 4486 1213 4592 qui
1231 4503 1270 4564 et
1288 4485 1487 4593 duplicem
1505 4486 1621 4593 hujus
1641 4487 1762 4597 prob·

421 4623 572 4703 lematis
592 4623 822 4705 solutionem
844 4622 1010 4714 tradidit,
1031 4620 1188 4703 alteram
1206 4623 1368 4704 duarum
1378 4625 1655 4707 Parabolarum
1673 4655 1761 4735 ope,

957 4901 979 4943 *
1002 4901 1103 4981 Eelog.
1127 4920 1155 4979 3.

1610 4989 1768 5072 alteram
