5184 6600
897 1004 996 1121 De
1038 995 1331 1118 Parabola.
1732 1038 1766 1161 5
1776 1038 1810 1153 3

417 1214 527 1298 BL
544 1239 587 1297 ut
603 1220 850 1317 anangulum
869 1221 953 1295 FGl
971 1221 1017 1296 ad
1030 1223 1278 1321 reetangulum
1294 1219 1473 1296 ALQ-
1486 1221 1600 1311 Patet,
1617 1244 1684 1325 per
1704 1222 1810 1320 Prop.

449 1360 483 1411 α
490 1360 526 1436 5.
552 1360 585 1410 1.
614 1331 745 1409 etDef.
765 1356 803 1428 3.
821 1331 975 1432 hujusce.

393 1545 396 1552 A
511 1454 606 1528 Pars
623 1451 673 1525 11.
694 1448 749 1523 Sit
764 1452 860 1524 ree‘la
869 1451 946 1523 NL
954 1449 1134 1547 parabolae
1145 1451 1244 1524 ABC
1255 1450 1442 1537 diameter,
1456 1447 1556 1548 cujus
1570 1450 1613 1524 stt
1628 1468 1750 1524 vertex
1768 1451 1809 1540 B,
1838 1457 1913 1520 Fre.
1928 1476 1977 1522 rr..

463 1582 501 1639 et
516 1583 683 1639 occurrat
699 1564 735 1638 in
752 1564 892 1664 punelis
904 1566 957 1651 N,
978 1566 1024 1651 L,
1040 1564 1179 1638 duabus
1197 1564 1300 1639 renis
1316 1563 1495 1663 parallelis
1511 1565 1604 1653 NT,
1622 1563 1704 1653 AC,
1721 1589 1809 1663 qua-

472 1706 547 1755 rum
564 1682 643 1755 NT
661 1680 839 1778 contingit
853 1679 890 1752 in
908 1682 958 1767 T,
973 1681 1042 1753 AC
1058 1697 1177 1752 autem
1193 1675 1288 1751 =secat
1301 1675 1342 1749 in
1359 1679 1407 1764 A,
1422 1677 1468 1764 C,
1484 1676 1715 1773 parabolam,
1729 1675 1810 1774 seg-

472 1815 631 1870 mentum
664 1795 735 1869 BN
760 1792 830 1866 erit
849 1793 894 1866 ad
907 1791 1135 1891 segmentum
1149 1791 1214 1863 BL
1226 1808 1269 1862 ut
1276 1789 1496 1887 quadratum
1507 1811 1556 1871 ex
1566 1792 1644 1866 NT
1662 1791 1706 1865 ad
1719 1793 1810 1867 reet-

472 1910 637 2008 angulum
660 1908 969 1996 ALC.-Patet‚
993 1928 1056 2006 per
1079 1900 1187 2002 Prop.
1216 1904 1277 1979 26.
1300 1929 1333 1977 r.
1359 1923 1395 1978 et
1410 1902 1494 1979 Def.
1515 1928 1550 2000 3.
1578 1902 1733 2005 hujusce.

515 2029 602 2099 Cor.
620 2026 651 2098 l.
678 2023 850 2098 Abscissa
864 2021 1021 2122 nerjuavis
1038 2020 1200 2097 diametri
1222 2019 1404 2118 parabola
1417 2019 1495 2094 sunt
1507 2020 1598 2094 inter
1608 2020 1644 2093 le
1660 2038 1706 2095 ut·
1718 2046 1809 2120 qua·

469 2139 564 2214 dtata
581 2137 722 2212 suarum
739 2137 998 2211 ordinatarum.
1028 2138 1143 2222 Nam,
1153 2132 1383 2207 manentibus
1393 2130 1473 2230 jam
1486 2133 1621 2232 posuis,
1632 2134 1658 2207 sa
1670 2134 1807 2209 diame·
1833 2152 1911 2216 Fra.
1930 2172 1984 2220 ιο.

468 2271 518 2326 ter
535 2251 600 2326 BL
619 2247 783 2324 bifariam
798 2248 891 2322 secet
907 2250 971 2337 Fl,
995 2250 1079 2337 Ac,
1099 2247 1167 2322 erit
1185 2247 1251 2321 BG
1265 2246 1311 2321 ad
1323 2248 1388 2320 BL
1404 2266 1445 2320 ut
1457 2248 1703 2347 reelangulum
1719 2250 1805 2326 FGI

468 2367 510 2439 ad
523 2364 769 2461 reetangulum
785 2362 918 2451 ALC,
944 2363 1013 2438 hoc
1030 2362 1096 2453 est,
1113 2380 1153 2435 ut
1169 2359 1384 2459 quadratum
1398 2384 1443 2435 ex
1459 2363 1514 2437 GI
1532 2363 1577 2437 ad
1593 2364 1813 2461 quadratum

468 2479 607 2667 “illail-
617 2593 669 2666 11.
693 2590 731 2665 Si
748 2591 842 2665 reeta
858 2591 930 2664 DE
947 2591 1133 2690 contingat
1147 2592 1357 2688 parabolam
1374 2593 1411 2666 in
1427 2594 1456 2666 B
1471 2611 1510 2667 et
1518 2614 1683 2670 occurrat
1702 2598 1738 2670 in
1753 2598 1812 2689 D,

467 2709 512 2796 Ε,
528 2708 668 2781 duabus
686 2705 867 2778 diametris
881 2707 911 2779 F
913 2709 960 2792 D,
979 2705 1059 2795 CE,
1077 2730 1228 2805 quarum
1246 2707 1328 2781 sunt
1344 2708 1495 2784 vertices
1513 2710 1598 2797 F,C
1612 2745 1623 2796 ς
1639 2710 1812 2810 segmen·

466 2845 540 2899 tum
558 2825 624 2896 FD
641 2822 708 2896 etit
722 2820 770 2892 ad
787 2824 1011 2918 segmentum
1029 2822 1093 2895 EC
1111 2841 1152 2896 ut
1168 2824 1382 2922 quadratum
1393 2849 1437 2898 ex
1452 2828 1519 2899 DB
1535 2827 1578 2899 ad
1592 2827 1809 2923 quadratum

466 2964 508 3013 ex
526 2939 600 3012 BE.
651 2939 840 3009 Ducantur
857 2936 952 3008 enim
969 2938 999 3010 F
1002 2938 1048 3024 G,
1072 2938 1141 3010 CL
1165 2939 1387 3036 contingenti
1404 2941 1476 3014 DE
1492 2940 1671 3038 parallelae
1687 2962 1725 3014 et
1741 2967 1805 3015 oc-

467 3072 641 3127 currentes
659 3051 833 3123 diametro
849 3050 911 3122 BL
927 3073 992 3146 per
1007 3051 1214 3124 contactum
1228 3052 1348 3125 uuuae
1366 3054 1406 3124 inv
1416 3054 1469 3140 G,
1485 3056 1536 3126 L,
1581 3054 1620 3124 T
1623 3079 1684 3126 um
1701 3056 1814 3127 reeta

467 3170 543 3257 FG,
562 3170 633 3241 CL
646 3185 748 3238 erunt
763 3166 933 3237 ordinatae
945 3162 1119 3234 diametro
1136 3165 1211 3251 BL,
1230 3190 1293 3262 per
1311 3169 1394 3241 Cor.
1415 3192 1448 3241 a.
1467 3169 1582 3264 Prope
1593 3190 1641 3262 33
1668 3186 1703 3241 et
1719 3194 1804 3266 proi·

467 3282 561 3368 inde,
582 3305 648 3379 per
672 3280 757 3351 Cor.
776 3275 995 3375 praecedens,
1018 3292 1058 3347 ut
1079 3278 1143 3351 BG
1162 3279 1207 3350 ad
1226 3282 1291 3354 BL
1311 3280 1359 3355 ita
1380 3281 1595 3380 quadratum
1616 3308 1659 3356 ex
1675 3283 1742 3356 FG
1760 3283 1810 3357 ad

465 3394 676 3494 quadratum
694 3417 737 3464 ex
749 3390 834 3491 CL.
888 3388 959 3461 Sed
976 3389 1096 3485 figurae
1114 3392 1199 3478 DG,
1218 3391 1278 3468 Bc
1295 3393 1375 3467 funt
1387 3394 1729 3494 parallelogramma,
1742 3420 1806 3495 per

465 3506 759 3582 construfflonem
787 3522 824 3577 et
848 3502 937 3576 cor.
967 3526 996 3575 ι.
1024 3501 1105 3579 Def.
1133 3528 1154 3600 3
1168 3541 1184 3590 ς,
1206 3525 1241 3580 et
1265 3506 1402 3583 ideirco
1426 3517 1505 3607 (34.
1529 3517 1579 3604 ι.)
1604 3530 1648 3584 ut.
1669 3509 1735 3584 DF
1757 3510 1811 3583 ael

464 3621 527 3695 EC
545 3622 593 3696 ita
609 3619 823 3719 quadratum
844 3642 888 3690 ex
904 3614 971 3689 DB
990 3616 1037 3689 ad
1052 3620 1267 3716 quadratum
1284 3647 1329 3696 ex
1346 3622 1422 3699 BE.

914 3938 1333 4025 LEMMA.

463 4260 549 4343 Sint
563 4276 735 4371 quatuor
755 4261 885 4354 reeta,
909 4277 950 4340 et
962 4284 1097 4341 earum
1118 4258 1307 4368 prinmad
1321 4259 1531 4342 fecundam
1548 4257 1689 4343 habeat
1706 4290 1805 4345 ean·

521 4387 614 4464 dem
639 4375 840 4462 rationem
858 4408 978 4491 quam
1005 4383 1239 4492 quadratum
1267 4410 1318 4462 ex
1349 4384 1464 4464 terail
1490 4385 1538 4463 ad
1567 4387 1805 4493 quadratum:

516 4534 564 4587 ea
584 4505 752 4615 quarm
793 4510 894 4585 recta
914 4533 1001 4614 quae
1017 4505 1154 4616 prima
1172 4525 1212 4587 et
1232 4507 1355 4586 tertiae
1372 4506 1427 4587 est
1442 4510 1554 4587 tertia
1572 4512 1799 4618 proportio-

436 4736 439 4740 ,
516 4630 632 4744 nalis,
660 4629 735 4709 erit
752 4655 912 4739 quoque
931 4630 1112 4712 secunda
1127 4645 1169 4711 et
1183 4649 1330 4740 quattae
1352 4630 1463 4711 tertia
1480 4635 1805 4742 proportionalia..

563 4919 740 4998 ABEAT
758 4924 854 4997 reeta
870 4926 936 4997 AB
955 4923 1000 4999 ad
1011 4926 1143 5000 tellam
1156 4926 1226 5001 AC
1242 4924 1392 5000 eandem
1402 4925 1578 5000 rationem
1588 4948 1698 5026 quam
1709 4886 1800 5024 ‘qua-
1827 4935 1905 4999 Frc.
1922 4956 1975 5002 ιι.

587 5035 734 5116 dratum
754 5062 799 5115 ex
815 5037 909 5114 rena
928 5038 998 5118 DE
1020 5040 1066 5116 ad
1080 5038 1295 5141 quadratum
1311 5064 1357 5119 ex
1372 5039 1467 5120 rena
1488 5041 1581 5130 FG,
1617 5040 1660 5116 fit
1677 5056 1800 5232 ευῑεὲὶη

1709 5176 1746 5229 re
1781 5178 1806 5233 a
