5184 6600
813 987 936 1106 374
1003 946 1103 1066 De
1129 935 1421 1062 Senonum
1447 936 1755 1059 conionum
1781 934 2069 1086 Dourina,

611 1201 615 1215 ’
625 1235 775 1280 ιιιιιιι
867 1205 989 1315 Qod
1018 1203 1178 1314 plurimi
1203 1199 1370 1310 denique
1398 1194 1618 1282 faciendum
1644 1199 1713 1292 est,
1743 1199 1873 1310 quoad
1902 1198 2059 1281 circulos
2089 1196 2156 1307 qui

623 1318 709 1440 Λζζῖ
716 1321 776 1442 ,²1⁶
808 1341 955 1426 eandem
978 1369 1059 1425 cum
1077 1339 1304 1424 Setir'onibus
1333 1358 1586 1422 curvaturam
1612 1338 1885 1421 habent-ille
1912 1340 1961 1421 de
1984 1337 2155 1421 Mathefi

807 1484 958 1593 optime
976 1483 1153 1572 meritur,
1173 1481 1353 1592 idemque
1368 1481 1474 1591 apud
1488 1479 1737 1589 Glasguenses
1756 1480 1839 1585 ejus
1858 1480 2063 1561 Praeletior
2076 1480 2153 1561 Dr.

807 1621 995 1706 Robertus
1020 1624 1172 1733 Simson,
1206 1625 1248 1705 in
1267 1625 1399 1733 Opere
1425 1622 1493 1704 suo
1511 1622 1559 1703 de
1578 1623 1750 1714 Conicis,
1777 1648 1913 1702 eorum
1932 1619 2156 1702 affectione

808 1764 1037 1845 Geometrice
1060 1764 1214 1875 tradidit
1220 1800 1234 1858 3
1271 1791 1317 1843 eu
1340 1763 1525 1843 nimirum
1553 1759 1752 1854 methodo,
1784 1789 1871 1871 quae
1891 1760 2157 1842 Celeberrimo

807 1903 900 1986 huic
920 1905 1017 1986 Viro
1036 1924 1118 1985 tam
1136 1906 1250 2019 unice
1269 1902 1417 2012 semper
1436 1903 1477 1981 in
1496 1902 1640 1983 deliciis
1660 1920 1755 1985 erat.

865 2046 1113 2154 Cogitaverat
1140 2045 1287 2137 secum,
1317 2043 1504 2153 utsupra
1538 2042 1687 2125 dierum
1717 2043 1786 2135 est,
1815 2040 2057 2151 Leibnitstus,
2084 2067 2157 2149 pro

808 2185 1049 2267 sectionibus
1070 2186 1228 2267 Conicis
1253 2179 1439 2295 substitui
1464 2177 1559 2290 poffe
1590 2179 1769 2261 Circulos
1801 2178 2079 2272 Osculatorioo,
2107 2179 2156 2259 ud

806 2323 1026 2404 evitandam
1045 2323 1191 2405 scilicet
1216 2321 1423 2403 Sentinum
1451 2319 1563 2401 etiam
1591 2321 1631 2399 in
1648 2320 1763 2430 plano
1777 2311 2041 2426 'descriptionis
2065 2345 2154 2399 mo.

805 2460 968 2542 lestiarn.
1005 2458 1081 2539 Sed
1095 2455 1372 2567 etdehacipsa
1385 2455 1641 2568 descriptione
1654 2459 2093 2568 quoque,saepenumero
2106 2460 2156 2541 ab

805 2599 888 2680 aliis
915 2617 955 2681 et
980 2595 1182 2709 diligenter
1206 2599 1410 2707 quaefitum
1432 2594 1502 2677 est.
1553 2599 1688 2679 Immo
1709 2597 1836 2707 potius
1855 2625 2059 2707 nunquam
2077 2625 2155 2681 non
2207 2647 2215 2656 ·

806 2742 845 2820 ei
861 2767 1019 2848 operam
1037 2738 1175 2820 dedisse
1194 2736 1500 2840 Mathematicus
1518 2735 1772 2843 judicandum
1790 2738 1865 2832 est3
1895 2739 2021 2848 pofito
2048 2740 2156 2820 enim

807 2881 1029 2961 Sectionum
1046 2877 1338 2960 delineationem
1364 2878 1419 2958 ita
1437 2874 1579 2956 confici
1597 2903 1676 2956 non
1693 2876 1813 2985 posse,
1837 2877 1965 2958 statim
1983 2905 2006 2958 e
2024 2879 2156 2961 medio

650 3080 652 3085 s
806 3019 891 3100 tolli
909 3047 1067 3102 omnem
1086 3047 1232 3113 earum,
1252 3017 1381 3128 quoad
1394 3015 1530 3127 praxin
1544 3033 1583 3094 et
1597 3012 1684 3093 usus
1699 3013 1956 3123 quotidianos,
1973 3024 2161 3099 commo-'

806 3159 967 3242 ditarem
989 3160 1134 3242 necesse
1158 3160 1229 3242 est.
1279 3156 1483 3240 Coronidis
1510 3155 1597 3236 loco
1617 3154 1766 3264 itaque,
1786 3154 1953 3239 breviter
1978 3175 2019 3240 et
2042 3161 2157 3266 juxta

794 3318 1029 3411 ¹temporum
1059 3303 1206 3395 seriem,
1237 3328 1325 3410 quae
1349 3302 1392 3381 in
1414 3297 1522 3381 hunc
1552 3295 1673 3380 finem
1704 3298 1922 3409 excogitata
1948 3298 2051 3397 sunt,
2087 3297 2156 3384 hic
2280 3269 2286 3279 Λ

808 3469 965 3550 quoque
984 3442 1224 3549 subjicimus.
1723 3419 1726 3423 Δ

869 3581 967 3660 Satis
981 3582 1164 3661 testantur
1176 3579 1294 3688 igitur
1308 3605 1394 3685 quae
1405 3577 1800 3686 apudMenechmum
1814 3580 2154 3662 extanttdeline-

806 3746 916 3800 arum
932 3718 1095 3799 duarum
1110 3720 1212 3800 inter
1228 3710 1317 3798 alias
1332 3717 1424 3798 duas
1443 3721 1626 3800 continue
1644 3721 1988 3830 proportionalium
2013 3723 2154 3806 inven-

668 3857 728 3897 Μ·
807 3860 923 3952 tione,
955 3861 1072 3940 etiam
1091 3860 1136 3939 iis
1156 3858 1408 3968 temporibus,
1428 3858 1617 3944 methodo
1634 3860 1761 3971 aliqud
1775 3861 2001 3943 mechanici
2020 3864 2153 3947 datum

656 4017 726 4063 T10·
805 3999 878 4079 esse
907 3997 1125 4109 parabolam
1158 4018 1195 4082 et
1233 3994 1464 4108 hyperbolum
1501 3997 1540 4078 in
1564 3999 1679 4107 plano
1711 4002 1936 4099 describere,
1972 4007 2079 4114 quod
2108 4024 2152 4087 ut

805 4137 956 4217 videtur
968 4165 1136 4246 quoque,
1154 4140 1194 4218 in
1209 4138 1372 4248 proclivi
1391 4155 1471 4217 erat
1482 4164 1551 4246 per
1558 4137 1749 4220 Circinum
1761 4140 1893 4248 Istdori
1902 4143 2093 4224 conficere
2100 4146 2152 4250 †.
2316 4143 2322 4150 ’

810 4280 955 4385 Neque
985 4296 1110 4359 tamen
1139 4279 1186 4358 de
1214 4277 1456 4360 instrumenti
1484 4276 1602 4384 hujus
1629 4278 1828 4376 structuri,
1862 4301 1929 4363 aut
1962 4284 2064 4363 unde
2091 4283 2155 4367 sua

804 4418 841 4496 ei
873 4418 1068 4499 constabat
1104 4420 1262 4511 utilitas,
1303 4417 1450 4528 aliquid
1482 4417 1591 4497 nobis
1617 4418 1702 4527 jam
1738 4450 1810 4531 pro
1844 4442 2045 4534 comperto
2081 4423 2151 4504 est.

807 4557 927 4666 Qod
951 4575 1079 4638 tamen
1109 4559 1219 4640 aliter
1246 4557 1398 4639 fortasse
1422 4577 1614 4651 evenerat,
1643 4560 1672 4640 fi
1706 4565 1921 4647 etiamnum
1948 4565 2153 4676 superesset

849 5014 866 5046 ³
888 5006 963 5070 Vide
977 5006 1155 5069 Archimedis
1169 5008 1279 5088 Opera,
1300 5025 1368 5087 pag.
1386 5022 1455 5083 ¹4¹·
1546 5014 1566 5081 τ
1587 5010 1663 5074 Vide
1678 5013 1856 5080 Archimedis
1871 5016 1980 5096 Opera,
1993 5034 2064 5094 pag.
2081 5029 2151 5089 ¹43·

1962 5129 2154 5243 Apollonii
