5184 6600
817 1010 850 1122 3
857 1004 937 1127 54
1005 972 1103 1088 De
1129 964 1420 1086 Sessionum
1447 946 1755 1085 Conicarum
1781 959 2067 1110 Dosirr'rra,

813 1251 892 1329 quo
911 1226 1006 1303 vixit
1025 1223 1173 1316 saeculo,
1203 1243 1283 1303 tam
1301 1220 1464 1330 impigre
1483 1224 1518 1302 se
1538 1221 1760 1315 immiscuit,
1790 1235 1829 1300 et
1843 1222 1918 1328 qui
1940 1218 2020 1298 sato
2038 1215 2156 1297 firnc·

812 1383 874 1440 tus
894 1362 949 1441 est
970 1382 1050 1442 tam
1069 1363 1218 1442 funesto
1242 1382 1281 1441 et
1308 1361 1441 1440 flebili.
1492 1362 1600 1441 Idem
1625 1389 1798 1470 quoque,
1828 1358 1933 1467 quod
1958 1358 2077 1438 nostri
2101 1355 2157 1434 est

812 1502 944 1593 officii,
973 1503 1025 1580 ob
1052 1503 1158 1581 illam
1185 1530 1271 1609 quae
1289 1501 1330 1579 in
1359 1500 1489 1579 studiis
1509 1498 1798 1597 Mathematicis
1819 1500 1854 1576 ei
1873 1496 2068 1602 diligentia
2093 1497 2157 1574 in·

813 1658 906 1731 erat,
934 1640 1145 1719 honorifice
1166 1640 1415 1719 nominandus
1436 1641 1504 1718 est.
1554 1641 1659 1718 Inter
1685 1638 1806 1746 ipsam
1831 1633 1911 1716 sere
1931 1637 2037 1716 enim
2062 1635 2157 1715 ado-

813 1776 1046 1869 lescentiam,
1069 1776 1195 1857 tantos
1205 1806 1253 1857 ex
1266 1777 1340 1856 hac
1356 1796 1461 1885 parte
1477 1777 1689 1887 progressus
1703 1775 1859 1868 fecerat,
1873 1796 1917 1855 ut
1932 1773 2160 1883 praedictum
2259 1820 2266 1826 ·

815 1915 897 2019 ejus
918 1917 1031 2024 Opus
1058 1918 1097 1994 in
1122 1915 1250 1994 lucem
1275 1917 1470 2023 prodierit,
1500 1945 1592 1996 cum
1617 1943 1763 1996 annum
1789 1915 1907 1996 aetatis
1932 1911 2007 1993 suae
2031 1929 2159 2020 ageret

814 2056 974 2133 tertium
994 2054 1263 2134 tantummodo
1281 2073 1397 2161 atque
1415 2056 1652 2137 vicefimum.

871 2195 937 2272 De
958 2196 1096 2302 Operis
1115 2192 1231 2300 hujus
1251 2196 1425 2274 instituto
1443 2198 1597 2288 interea,
1619 2223 1705 2305 qua
1723 2219 1810 2274 vera
1827 2192 1915 2272 sunt
1939 2207 1980 2272 et
1996 2190 2159 2272 certissi-

813 2360 891 2424 ma,
911 2360 953 2410 ea
972 2330 1088 2410 libere
1106 2333 1223 2411 etiam
1238 2335 1481 2439 pronuntiare
1498 2333 1626 2413 liceat.
1673 2329 1753 2410 Sub
1770 2329 1926 2409 initium
1943 2328 2075 2436 igitur,
2094 2327 2160 2408 ille

813 2470 964 2578 dequo
985 2471 1071 2577 jam
1097 2469 1307 2578 loquimur,
1335 2472 1383 2552 de
1414 2470 1651 2552 sectionibus
1680 2487 1725 2550 ut
1753 2473 1793 2550 in
1820 2468 1940 2577 plano
1965 2466 2162 2578 descriptis

813 2609 906 2716 agit,
936 2626 977 2688 et
993 2636 1120 2688 earum
1141 2609 1309 2716 genesim
1327 2609 1490 2689 ostendit
1507 2638 1555 2691 ex
1573 2611 1763 2692 linearum
1780 2606 2055 2700 intersectione,
2075 2634 2163 2717 quae

813 2745 1022 2826 secundum
1054 2747 1159 2826 datas
1186 2747 1289 2854 leges
1314 2764 1533 2828 moventur.
1593 2751 1694 2857 Qae
1723 2763 1856 2826 autem
1886 2746 2109 2853 sequuntur,
2139 2772 2161 2831 a

813 2886 1058 2994 simplicitate
1081 2913 1219 2965 eorum
1248 2914 1335 2994 quae
1358 2887 1412 2966 ita
1451 2887 1575 2995 ponit,
1604 2885 1773 2965 immane
1800 2902 1991 2993 quantum
2018 2884 2161 2985 discre-
2232 2945 2238 2953 J

815 3051 917 3133 pare,
950 3051 1068 3104 nemo
1085 3025 1263 3104 omnium
1280 3024 1336 3104 est
1355 3026 1521 3132 quinon
1540 3024 1669 3104 statim
1686 3022 1828 3103 videat.
1882 3023 1993 3103 Nam
2016 3038 2058 3102 et
2080 3038 2161 3103 ter·

814 3166 930 3244 minis
950 3164 1073 3243 utitur
1091 3191 1211 3273 quam
1231 3165 1407 3273 plurimis
1425 3181 1465 3244 et
1482 3161 1640 3243 insolitis
1647 3198 1662 3256 ς
1683 3159 1936 3254 definitiones,
1956 3186 2043 3267 quae
2058 3161 2163 3269 apud

813 3303 909 3383 alios
922 3303 1097 3411 nuspiam
1106 3304 1206 3394 sunt,
1218 3303 1259 3383 in
1276 3303 1451 3384 medium
1471 3299 1602 3396 affert3
1617 3299 1848 3382 methodum
1863 3300 2027 3407 denique
2046 3328 2160 3409 pror-

816 3440 875 3521 sus
887 3443 1113 3549 impeditam
1128 3442 1284 3523 adhibet
1298 3460 1337 3523 et
1354 3441 1564 3533 difficilem,
1585 3442 1735 3549 quoties
1751 3441 1971 3522 Sestionum
1987 3438 2160 3523 affectio-

814 3608 883 3660 nes
904 3582 1092 3690 explicare
1110 3582 1341 3689 aggreditur.
1388 3580 1635 3661 Multimodis
1661 3581 1907 3661 imminuitur
1928 3581 2072 3687 itaque,
2099 3580 2162 3661 vel

814 3719 944 3827 potius
960 3720 1120 3799 omnino
1133 3718 1238 3798 nulla
1252 3719 1307 3799 est
1319 3717 1535 3799 Enchiridii
1549 3717 1940 3830 hujuspraestantia,fi
1955 3736 2160 3827 quaeratur,

814 3874 946 3935 utrum
964 3855 1048 3935 satis
1067 3855 1259 3966 expediti,
1281 3884 1414 3949 necne,
1435 3859 1602 3940 Tirones
1622 3886 1672 3939 ex
1688 3858 1732 3938 ed
1750 3860 1971 3940 Sestionum
1991 3859 2161 3939 Conica-

814 4022 903 4075 rum
922 3995 1133 4081 doctrinam
1152 4023 1370 4106 comparare
1388 3997 1541 4105 possint.
1581 3998 1627 4075 In
1648 3997 1941 4077 Elementorum
1961 3996 2163 4076 traditione

815 4135 923 4214 enim
941 4131 1040 4211 nihil
1059 4134 1280 4228 inusitatum
1292 4135 1376 4216 esse
1395 4153 1562 4244 oportet,
1593 4134 1654 4213 vel
1674 4136 1827 4229 durum,
1849 4137 1910 4216 vel
1928 4135 2047 4216 nimis
2065 4137 2162 4216 arti-

814 4270 1014 4364 ficiosum;
1045 4270 1107 4351 sed
1126 4274 1294 4354 oratione
1311 4273 1474 4354 dilucida
1491 4277 1621 4357 omnia
1638 4276 1821 4385 explicari
1837 4275 1992 4370 debent,
2011 4291 2051 4355 et
2070 4302 2164 4357 cum

816 4409 1001 4491 brevitate
1020 4409 1094 4491 fibi
1110 4410 1278 4496 invicem
1295 4413 1600 4520 conjunstiffima
1625 4413 1711 4508 esse,
1746 4433 1786 4496 et
1811 4415 1860 4495 ad
1884 4414 2167 4497 conciliandam

816 4548 1053 4642 industriam,
1072 4578 1119 4629 ex
1136 4578 1267 4632 earum
1287 4580 1415 4635 rerum
1434 4583 1520 4666 qua
1533 4555 1718 4637 docentur
1733 4555 2018 4664 perspicuitate,
2038 4555 2161 4639 utilia

873 4688 972 4767 Haec
992 4688 1122 4767 omnia
1140 4717 1259 4798 quam
1276 4695 1435 4777 omnino
1454 4722 1532 4776 non
1551 4693 1736 4773 assecutus
1753 4693 1809 4773 est
1826 4695 1866 4799 J.
1882 4695 1946 4773 De
1956 4694 2080 4785 Witt,
2099 4692 2159 4773 sa-

818 4823 865 4903 tis
884 4821 1075 4909 intellexit
1091 4823 1168 4924 ille,
1194 4828 1242 4911 de
1260 4857 1339 4941 quo
1357 4850 1466 4919 antea
1483 4831 1604 4918 locuti
1621 4834 1767 4933 sumus,
1797 4832 1861 4916 el.
1881 4834 1946 4916 De
1965 4834 2026 4917 La
2043 4833 2168 4925 Hire„

2089 4998 2160 5084 qul
