5184 6600
687 1006 977 1127 Scamnum
1019 1009 1329 1135 Conicarum
1370 947 1506 1136 Lm.
1536 1016 1614 1140 V.
1702 1020 1821 1176 187

937 1351 1039 1433 PR
1068 1353 1108 1434 0
1138 1355 1186 1439 P.
1247 1354 1366 1440 XXI.

484 1553 611 1639 Recta
630 1555 749 1636 curvi
766 1557 945 1641 sectionis
965 1560 1113 1643 conicae
1142 1564 1351 1646 terminata
1367 1590 1436 1675 per
1453 1561 1591 1646 {ocum
1609 1563 1692 1672 ejus
1712 1579 1819 1647 tran·

541 1678 639 1782 siens
659 1698 700 1761 et
716 1684 783 1761 axi
802 1683 1013 1765 ordinatim
1033 1685 1240 1796 applicata,
1261 1688 1420 1798 aqualis
1439 1687 1495 1769 est
1512 1705 1734 1798 parametro
1753 1689 1817 1796 ip·

542 1802 617 1884 sius
636 1804 731 1884 axis.
774 1806 934 1910 Qaevis
953 1811 1055 1887 resta
1074 1836 1167 1891 vero
1185 1837 1255 1919 per
1273 1810 1411 1892 focum
1427 1811 1618 1918 parabola
1638 1809 1756 1890 duda
1780 1831 1820 1891 et

540 1927 662 2006 curtd
679 1926 856 2009 samonis
877 1931 1097 2026 terminata,
1117 1933 1277 2043 aequalis
1296 1933 1352 2014 est
1370 1939 1587 2044 parametro
1604 1933 1714 2015 istius
1732 1934 1819 2014 dia·

540 2052 660 2131 metri
680 2051 746 2132 cui
766 2052 979 2134 ordinatim
996 2055 1247 2165 applicatur..

486 2276 673 2437 PARS
690 2277 720 2350 l.
747 2279 850 2408 Patet
862 2302 910 2351 ex
922 2236 994 2352 cor.
1007 2274 1090 2353 Des.
1104 2302 1140 2377 9.
1158 2279 1243 2355 Lib.
1259 2305 1300 2367 23
1319 2304 1391 2356 cor.
1405 2277 1489 2355 Des.
1506 2304 1563 2361 to.
1582 2283 1666 2358 Lib.
1682 2303 1705 2378 3
1716 2315 1728 2370 t
1746 2306 1821 2361 cor.

587 2388 671 2469 Des.
691 2417 747 2468 ια.
773 2395 858 2470 Lrb.
873 2421 910 2484 4.

536 2521 627 2595 Pars
643 2521 691 2595 11.
718 2521 760 2594 ln
782 2518 951 2619 parabola
972 2519 1072 2593 Aac
1097 2518 1140 2596 stt
1164 2521 1302 2621 quaevis
1328 2523 1423 2596 reda
1444 2524 1526 2597 AH
1553 2547 1620 2625 per
1644 2520 1764 2597 socum
1789 2524 1820 2597 F
1847 2538 1924 2600 1²10.
1939 2556 1988 2618 ις.
2095 2526 2096 2535 ’

485 2633 614 2717 duda,
641 2634 708 2708 erit
724 2634 804 2710 AH
831 2633 979 2733 aequalis
996 2654 1196 2733 parametro
1221 2635 1316 2711 istius
1344 2637 1522 2726 diametri,
1550 2637 1607 2710 cui
1630 2637 1820 2712 ordinatim

486 2748 695 2848 applicatur.

476 2911 479 2913 Α
536 2865 592 2938 Sit
608 2866 688 2940 ΑΗ
704 2866 898 2942 ordinatim
925 2867 1101 2966 applicata
1118 2867 1292 2939 diametro
1310 2866 1391 2940 DE.
1431 2867 1502 2939 Per
1521 2864 1692 2940 verticem
1708 2866 1819 2956 duea-
1943 2912 1944 2916 =

483 2996 542 3052 tur
557 2979 651 3053 retra
662 2982 736 3055 DG
752 2982 923 3056 ordinatae
934 2983 1013 3056 ΑΗ
1030 2981 1206 3079 parallela,
1220 2999 1256 3052 et
1268 2999 1432 3053 occurrat
1448 2980 1505 3053 axi
1521 2980 1584 3053 BF
1599 2981 1771 3079 produsto
1783 2981 1820 3053 in

483 3094 619 3190 pundo
637 3093 685 3167 G.
729 3096 830 3168 Tum
857 3098 952 3173 recta
968 3096 1040 3170 DG
1067 3097 1252 3194 continget
1275 3095 1481 3193 parabolam
1506 3119 1571 3192 per
1595 3097 1701 3194 Prop.
1719 3116 1755 3190 3.
1785 3114 1823 3168 et

484 3210 609 3305 figura
627 3204 696 3283 EG
723 3207 789 3282 erit
812 3208 1192 3307 parallelogrammum.
1236 3208 1467 3307 Quapropter
1491 3208 1558 3282 erit
1583 3206 1726 3282 abscissa
1752 3206 1822 3283 DE

471 3320 632 3420 -aequalis
650 3322 730 3417 (34.
752 3320 803 3415 r.)
821 3321 925 3395 redae
951 3322 981 3393 F
983 3322 1031 3408 G,
1059 3320 1128 3392 boc
1145 3320 1206 3406 est,
1230 3324 1376 3420 aequalis
1397 3325 1501 3397 rertae
1517 3326 1599 3412 DF,
1617 3349 1680 3422 per
1695 3349 1769 3401 cor.
1785 3347 1819 3399 2.

472 3441 592 3535 Prop.
622 3438 678 3508 18.
709 3434 794 3509 Lib.
810 3457 843 3509 2.
884 3436 1020 3533 Itaque,
1049 3457 1112 3531 per
1135 3436 1242 3533 Prop.
1266 3461 1326 3511 22.
1355 3436 1440 3512 Lib.
1456 3460 1490 3512 2.
1521 3437 1663 3513 abscissa
1684 3440 1754 3514 DE
1771 3439 1822 3514 est

485 3571 612 3652 quarta
628 3571 708 3648 pars
725 3548 915 3647 parametri
931 3549 1096 3622 diametri
1110 3550 1193 3625 DE.
1219 3553 1274 3624 Sit
1289 3553 1384 3625 reda
1402 3554 1454 3626 IK
1471 3572 1670 3650 parameter
1686 3548 1822 3626 diame-

484 3667 531 3743 tri
549 3667 631 3755 DE,
649 3684 687 3740 et
704 3666 853 3768 proinde
869 3665 1069 3763 quadrupla
1088 3666 1241 3741 absciliae
1261 3668 1350 3752 DE.
1377 3686 1413 3740 et
1430 3663 1591 3740 bifariam
1609 3665 1743 3739 secetur
1768 3668 1821 3741 11<
1956 3737 1958 3745 ,

487 3785 522 3856 in
539 3784 671 3881 pundo
689 3782 737 3855 L.
776 3784 880 3854 Tum
905 3779 970 3852 erit
995 3780 1087 3853 reda
1104 3781 1156 3855 IL
1174 3780 1284 3876 dupla
1301 3778 1455 3852 abscissae
1476 3778 1560 3864 DE,
1586 3798 1622 3851 et
1637 3798 1824 3876 propterea

484 3915 526 3969 ut
542 3894 613 3968 DE
628 3894 672 3967 ad
687 3895 739 3968 lL
754 3893 806 3965 ita
822 3892 855 3967 se
873 3892 981 3965 habet
999 3893 1052 3967 IL
1070 3893 1114 3966 ad
1127 3896 1192 3969 lK.
1231 3896 1367 3993 Qum,
1390 3892 1636 3989 redargulum
1656 3892 1720 3966 sub
1738 3894 1820 3982 DE,

486 4011 541 4083 ll(
555 4011 635 4106 (17.
652 4010 704 4099 6.)
727 4008 935 4105 aequalerest
951 4008 1123 4105 quadrato
1146 4033 1190 4082 ex
1214 4008 1280 4095 lL,
1307 4010 1465 4106 itemque
1488 4007 1661 4106 quadrato
1682 4031 1726 4080 ex
1751 4007 1822 4080 AE

485 4145 551 4221 per
569 4125 675 4219 Prop.
693 4143 748 4194 rr.
768 4121 853 4194 Lib.
871 4143 903 4193 2.
931 4139 967 4192 et
985 4120 1119 4208 idcirco
1136 4121 1215 4196 sunt
1231 4121 1385 4220 aequales
1404 4123 1506 4195 redlae
1524 4121 1591 4209 lL,
1606 4120 1686 4195 ΑΕ.
1723 4119 1822 4218 Ergo

485 4258 610 4307 earum
625 4233 734 4331 dupla
751 4234 818 4321 lK,
836 4233 917 4306 AH
934 4233 1085 4333 aequalia
1101 4235 1191 4326 sunt,
1203 4253 1239 4309 et
1255 4236 1349 4308 reda
1362 4234 1440 4308 AH
1455 4234 1602 4331 aequalis
1619 4254 1821 4330 parametro

485 4351 654 4425 diametri
668 4351 749 4424 DE.
1816 4414 1823 4426 .

536 4466 620 4539 Cor.
647 4465 796 4539 Si‘retla
812 4466 848 4537 in
873 4465 1041 4562 paraboli
1055 4463 1201 4538 transeat
1218 4487 1284 4562 per
1300 4461 1424 4536 socom
1448 4480 1484 4544 et
1500 4460 1593 4535 secet
1609 4462 1823 4535 diametrum

485 4579 543 4653 cui
560 4581 751 4654 ordinatim
768 4579 977 4678 applicatur,
991 4578 1133 4653 abscissa
1147 4580 1308 4653 diametri
1326 4576 1471 4675 aequalit
1489 4576 1554 4651 erit
1571 4577 1745 4650 distantiae
1761 4579 1820 4675 ip-

486 4694 553 4766 sius
579 4693 758 4766 verticisa
786 4687 869 4767 wfoco
887 4694 946 4767 seu
963 4694 1159 4767 diresirice.
1197 4693 1356 4767 Abscissa
1381 4691 1477 4765 enim
1506 4694 1577 4766 DE
1602 4693 1748 4790 aequalis
1768 4691 1821 4765 est

484 4814 589 4883 reslae
606 4809 687 4896 DF,
705 4827 742 4880 et
760 4809 909 4905 proinde
920 4833 983 4905 per
1000 4810 1090 4882 hanc
1103 4829 1140 4881 et
1158 4833 1231 4885 cor.
1250 4833 1281 4883 r.
1299 4809 1408 4907 Prop.
1427 4829 1485 4881 at.
1505 4805 1592 4882 Lib.
1609 4828 1655 4893 23
1678 4807 1747 4880 boc
1760 4829 1822 4879 co·

487 4922 671 4996 uollarium
687 4921 911 4996 manifestum
929 4921 990 4996 est.

1084 5020 1193 5091 Aaa
1646 5016 1823 5109 PROP.
