5184 6600
856 965 973 1090 ⁸De
998 966 1320 1136 Hyperboh.
1504 895 1507 906 Ι
1674 1015 1789 1135 129
1879 924 1882 931 ⁵

560 1334 843 1440 UCATUR
869 1359 889 1409 a
916 1338 1050 1436 pundo
1077 1341 1127 1428 D,
1147 1336 1183 1412 in
1208 1336 1317 1412 curvd
1336 1336 1550 1435 -hyperbolae
1577 1341 1673 1415 HID
1695 1332 1788 1414 reda
1818 1363 1892 1423 Fra.
1913 1378 1958 1437 ¹7·

574 1457 646 1529 DL
663 1454 708 1526 ad
719 1453 932 1526 diametrum
952 1452 1179 1526 transversam
1196 1452 1260 1538 lK,
1279 1452 1312 1525 ei
1329 1451 1519 1526 ordinatim
1537 1454 1726 1553 applicata,
1753 1474 1789 1530 et

453 1568 497 1644 sit
512 1571 607 1642 reda
624 1571 654 1641 P
670 1587 867 1664 parameter
882 1566 1046 1660 diametri
1064 1569 1137 1654 1K3
1163 1565 1228 1639 erit
1245 1566 1491 1665 reerangulum
1508 1567 1597 1641 KLi
1613 1569 1657 1641 ad
1675 1571 1790 1670 quad·
1810 1647 1814 1655 ,

451 1700 568 1755 ratum
585 1706 629 1754 ex
644 1681 717 1753 DL
735 1698 775 1752 ut
791 1680 843 1752 K1
861 1678 905 1751 ad
924 1680 965 1754 P.

502 1797 601 1869 Nam
618 1796 660 1868 fit
678 1814 839 1867 centrum
850 1795 895 1881 C,
913 1812 949 1867 et
961 1793 1109 1867 ducatur
1118 1792 1293 1866 diameter
1309 1793 1378 1867 AE
1397 1796 1566 1868 ordinatae
1582 1796 1657 1890 DL
1672 1799 1789 1896 paral·

450 1911 531 1985 leia.
575 1913 677 1984 Turn
693 1897 855 1981 diametri
874 1910 940 1997 114,
960 1909 1030 1982 ΑΕ
1047 1929 1148 1982 erunt
1165 1907 1365 2006 conjugatae
1381 1935 1444 2006 per
1457 1912 1562 2009 Prop.
1584 1936 1628 2001 14
1638 1947 1648 1997 ς
1674 1933 1710 1985 et
1727 1937 1791 2010 per

454 2023 540 2098 Des.
575 2023 713 2098 11.erit
740 2023 794 2095 11<
824 2022 869 2094 ad
899 2024 970 2097 ΑΕ
993 2042 1033 2095 ut
1048 2024 1118 2097 ΑΕ
1140 2024 1184 2096 ad
1211 2025 1250 2096 P.
1290 2028 1413 2123 Qare
1441 2046 1481 2098 ut
1509 2028 1722 2123 quadratum
1746 2050 1790 2101 ex

454 2143 509 2216 IK
527 2142 572 2214 ad
595 2139 811 2238 quadratum
831 2161 876 2211 ex
892 2139 964 2212 ΑΕ
982 2139 1084 2233 (Cor.
1105 2159 1137 2210 2.
1156 2159 1213 2210 20.
1235 2136 1288 2231 6.)
1303 2138 1352 2210 ita
1369 2140 1419 2212 IK
1438 2138 1482 2210 ad
1500 2140 1541 2211 P.
1586 2142 1663 2227 Sed¹
1676 2142 1790 2239 quad-

453 2274 573 2328 ratum
588 2279 631 2327 ex
650 2255 703 2325 IK
721 2252 764 2325 ad
781 2253 993 2351 quadratum
1011 2276 1057 2326 ex
1078 2251 1148 2323 AE
1165 2250 1214 2322 ita
1238 2249 1272 2323 se
1290 2250 1395 2324 habet
1414 2261 1491 2345 (15.
1512 2253 1561 2348 ς.)
1578 2270 1621 2323 ut
1637 2254 1790 2350 quadra·
1855 2328 1858 2334 ,

452 2388 535 2442 turn
547 2393 592 2440 ex
607 2367 654 2439 lc
670 2366 715 2439 ad
728 2368 941 2464 quadratum
954 2393 998 2442 ex
1011 2367 1079 2440 Ac
1091 2399 1102 2450 ς
1115 2364 1187 2436 hoc
1205 2362 1270 2454 est,
1281 2387 1347 2461 per
1363 2363 1447 2439 Def.
1469 2388 1524 2439 10.
1544 2386 1584 2440 ut
1601 2374 1788 2466 redangu·
1848 2361 1850 2368 ἶ

452 2482 532 2555 lum
548 2480 636 2554 KLI
655 2481 707 2553 ad.
717 2481 931 2579 quadratum
950 2506 994 2553 ex
1014 2479 1100 2551 DL.
1145 2475 1244 2570 Ergo
1266 2485 1344 2569 (11.
1365 2478 1420 2572 5.)
1440 2478 1682 2573 redangulum
1700 2482 1788 2555 KLI

452 2597 499 2673 ad
515 2596 726 2694 quadratum
740 2621 784 2671 ex
802 2597 875 2670 DL
892 2596 940 2668 ita
957 2594 990 2669 se
1007 2592 1114 2666 habet
1127 2608 1168 2661 ut
1184 2591 1237 2663 IK
1254 2591 1298 2662 ad
1316 2592 1358 2667 P.
1410 2594 1460 2693 Q
1480 2596 1524 2666 E.
1545 2596 1592 2667 D.

895 2994 996 3074 PR
1026 2995 1146 3077 ΟΡ.
1219 2996 1335 3076 XIX.

452 3214 495 3295 si
515 3241 537 3294 a
555 3219 706 3325 pundo
717 3215 757 3294 D
774 3214 816 3295 in
834 3213 955 3295 curvd
973 3212 1200 3324 hyperbole
1217 3215 1292 3294 DB
1304 3213 1467 3297 ducatur
1486 3216 1533 3297 ad
1554 3218 1790 3299 diametrum

511 3339 761 3420 transversam
781 3340 854 3418 AB
876 3341 977 3419 resta
1004 3340 1098 3434 DE,
1125 3341 1162 3418 ei
1182 3339 1398 3420 ordinatim
1418 3341 1641 3450 applicat23
1662 3342 1792 3449 quad·

511 3480 643 3542 ratum
662 3489 711 3542 ex
731 3461 910 3543 ordinata
929 3462 1006 3541 DE
1026 3462 1100 3542 erit
1120 3462 1267 3571 oequrle
1286 3465 1516 3573 redanguio
1534 3464 1605 3545 sub
1633 3463 1793 3545 abscissa

510 3585 658 3664 minori
677 3586 747 3665 ΕΒ
767 3601 808 3664 et
828 3583 946 3677 recta,
966 3611 1054 3694 quae
1074 3585 1129 3666 est
1149 3585 1196 3664 ad
1215 3601 1480 3693 parametrum
1501 3588 1683 3669 diametri
1702 3589 1791 3681 AB,

512 3725 556 3789 ut
576 3708 693 3789 altera
712 3705 865 3788 absciffa
883 3708 959 3790 AE
978 3708 1026 3788 ad
1046 3707 1283 3789 diametrum
1303 3709 1390 3789 AB.

561 3961 832 4036 UCATUR
857 3960 952 4035 enim
970 3987 990 4034 a
1012 3960 1190 4034 verticeB
1214 3961 1308 4035 reeta
1326 3961 1398 4033 BH
1421 3961 1600 4039 diametro
1621 3961 1689 4035 AB
1712 3985 1792 4060 per·
1820 3988 1897 4050 fro.
1913 3988 1961 4050 ιε,

574 4075 824 4174 pendicularis,
840 4094 878 4148 et
892 4074 1038 4174 aequalis
1052 4071 1159 4172 ipsius
1171 4093 1386 4174 parametro.
1426 4075 1606 4175 Jungatur
1619 4076 1712 4166 ΑΗ,
1724 4097 1760 4151 et
1774 4104 1795 4152 a

454 4190 590 4289 pundo
606 4190 639 4264 E
662 4190 812 4263 ducatur
827 4191 891 4263 EF
916 4189 979 4287 ipsi
996 4189 1068 4263 BH
1086 4190 1248 4285 paralleli
1266 4208 1304 4262 et
1326 4189 1431 4265 redae
1449 4192 1529 4266 AH
1553 4193 1590 4265 in
1607 4191 1741 4290 pundo
1758 4193 1794 4265 K

454 4329 656 4381 occurrens.
697 4306 767 4380 Per
781 4307 955 4404 pundum
974 4305 1178 4387 Kducatur
1193 4306 1286 4380 reda
1305 4305 1376 4379 KG
1399 4303 1576 4378 diametro
1590 4306 1657 4378 AB
1677 4304 1794 4402 paral-

357 4468 362 4477 ·
456 4420 538 4508 lela,
556 4440 595 4495 et
610 4439 773 4493 occurrat
796 4420 901 4494 κᾶε
921 4418 994 4491 ΒΗ
1016 4418 1052 4491 in
1068 4421 1204 4517 pundo
1222 4420 1270 4493 G.
1320 4422 1422 4494 Tum
1445 4442 1510 4517 per
1534 4420 1644 4516 Prop.
1672 4423 1734 4510 18„
1752 4437 1796 4494 ut

455 4535 703 4632 nerangulum
721 4534 822 4608 ΑΕΒ
839 4536 884 4608 ad
901 4536 1115 4633 quadratum
1132 4559 1177 4609 ex
1192 4536 1263 4611 DE
1285 4536 1340 4610 ita
1360 4534 1539 4610 diameter·
1552 4538 1619 4610 AB
1641 4535 1686 4608 ad
1710 4536 1794 4609 BH.

453 4649 542 4737 Sed,
559 4667 706 4748 propter
723 4649 907 4746 parallelas
930 4650 1016 4737 BH,
1031 4649 1114 4738 EK,
1132 4669 1172 4723 ut
1189 4652 1256 4725 AB
1277 4650 1323 4724 ad
1345 4651 1417 4724 BH
1436 4652 1491 4747 (4.
1512 4651 1566 4740 6.)
1588 4651 1636 4724 ita
1655 4649 1725 4724 AE
1751 4650 1796 4723 ad

453 4762 550 4850 EK;
576 4783 612 4838 et
627 4764 777 4862 proinde
794 4770 874 4858 (ιτ.
893 4767 946 4859 5.)
960 4782 1002 4836 ut
1017 4762 1266 4863 redargulum
1277 4765 1381 4839 ΑΕΒ
1392 4765 1661 4862 adquadratum
1672 4790 1717 4838 ex
1727 4765 1797 4837 DE

455 4877 507 4950 ita
530 4878 601 4952 ΑΕ
625 4877 670 4950 ad
688 4878 770 4967 EK,
787 4877 856 4951 hoc
881 4879 931 4953 est
951 4881 1008 4978 (1.
1027 4881 1082 4971 6.)
1102 4882 1347 4980 rerrangulum
1367 4880 1468 4954 ΑΕΒ
1486 4882 1530 4953 ad
1553 4879 1797 4977 redangulum

457 4989 536 5063 KB.
586 4990 687 5088 Ergo
704 4990 920 5088 quadratum
940 5015 985 5066 ex
1007 4992 1166 5068 ordinatd
1185 4993 1256 5068 DE
1273 4999 1350 5087 (14.
1370 4996 1424 5090 5.)
1440 4994 1576 5091 aequale
1598 4993 1647 5067 est
1662 4993 1797 5066 redtan·

1115 5109 1150 5180 R
1709 5107 1798 5203 gulo
