5184 6600
892 994 990 1112 De
1030 990 1362 1158 &pabulas
1684 1046 1757 1161 13
1767 1048 1799 1161 3

466 1210 539 1285 FH
555 1209 733 1285 diametro
748 1211 830 1301 AB,
852 1231 891 1287 et
907 1215 1002 1289 reela
1017 1216 1094 1289 HL
1111 1216 1287 1290 circulum
1311 1215 1347 1289 in
1371 1200 1505 1314 pundo
1522 1217 1557 1291 L
1574 1220 1802 1318 contingens,
1871 1247 1874 1253 ’

464 1344 502 1398 et
519 1323 695 1422 jungatur
709 1326 808 1400 LNa
835 1330 930 1402 reela
945 1330 1018 1403 LN
1037 1330 1107 1402 erit
1124 1331 1424 1428 perpendicularis
1440 1332 1484 1405 ad
1500 1334 1723 1410 diametrum.
1764 1340 1802 1411 Si

466 1438 565 1513 enim
583 1464 654 1514 non
672 1440 712 1514 lit
728 1443 1042 1539 perpendicularis,
1060 1443 1212 1518 ducatur
1239 1470 1259 1518 a
1275 1448 1411 1543 pundo
1428 1448 1463 1520 L
1480 1448 1574 1521 resta
1591 1449 1642 1521 LI
1664 1451 1707 1522 ad
1726 1451 1802 1523 dia-

466 1572 624 1629 metrum
634 1555 669 1629 ei
679 1556 993 1653 perpendicularis,
1008 1559 1223 1659 etjungatur
1234 1563 1297 1650 IF,
1311 1583 1348 1637 et
1364 1565 1458 1638 recta
1470 1566 1518 1641 IF
1533 1565 1715 1663 continget
1734 1565 1802 1661 hy-

464 1667 652 1765 perbolam
668 1668 838 1766 perhanc
855 1672 965 1770 Prop.
1007 1676 1079 1748 Sed
1095 1677 1189 1749 reea
1207 1676 1278 1752 NF
1296 1678 1471 1775 contingit
1489 1679 1721 1776 hyperbolam
1739 1704 1803 1775 per
1893 1713 1894 1716 ¹
2023 1699 2027 1709 ·

464 1780 697 1878 hypothefin3
722 1799 762 1856 et
778 1785 928 1881 proinde
944 1788 1039 1862 resta
1054 1790 1104 1863 IF
1122 1788 1355 1886 hyperbolem
1374 1792 1579 1889 contingere
1598 1818 1669 1866 non
1685 1792 1803 1891 potest

463 1895 652 2086 ἔέυἱφρ.
671 1900 705 1971 8.
721 1897 808 1973 Lib.
831 1922 862 1975 1.
904 1899 1005 2000 Ergo
1019 1905 1113 1979 reeta
1131 1905 1182 1978 LI
1201 1928 1273 2020 non
1291 1904 1341 1979 est
1358 1906 1404 1980 ad
1419 1906 1632 1981 diametrum
1648 1931 1801 2025 perpen-

584 2034 643 2089 ns.

903 2290 1004 2372 PR
1034 2293 1073 2373 O
1103 2293 1150 2372 Ρ.
1207 2294 1366 2378 XXIV.

463 2458 507 2541 Si
525 2464 627 2544 recta
645 2463 907 2574 hyperbolam
926 2467 1159 2577 contingens
1178 2470 1373 2551 diametro
1392 2489 1583 2564 occurrat,
1601 2490 1639 2550 et
1661 2497 1798 2553 acon·

525 2590 631 2666 tadtu
649 2588 822 2704 ducatur
835 2594 939 2670 reela
957 2592 1005 2669 ad
1026 2592 1263 2673 diametrum
1284 2593 1321 2673 ei
1340 2594 1554 2674 ordinatim
1577 2595 1767 2702 applicata
1783 2632 1796 2689 ς

518 2710 594 2788 erit
612 2708 901 2793 semidiameter
915 2714 1045 2794 media
1059 2714 1361 2824 proportionalis
1380 2718 1482 2794 inter
1498 2716 1698 2822 segmenta
1712 2718 1797 2796 dia·
1894 2747 1896 2749 ·

517 2832 636 2910 metri
648 2835 752 2914 inter
769 2852 950 2917 centrum
964 2854 1004 2915 et
1022 2839 1243 2918 ordinatam
1257 2856 1298 2918 et
1317 2838 1420 2918 inter
1439 2860 1621 2919 centrum
1640 2859 1679 2918 et
1698 2867 1801 2919 con·

517 2954 755 3063 tingentem.

554 3158 879 3233 ONTINGAT
899 3162 992 3235 redte
1014 3162 1084 3233 FN
1108 3160 1340 3260 hyperbolam
1357 3162 1388 3234 F
1407 3161 1442 3232 in
1462 3161 1596 3257 pundto
1614 3162 1642 3233 F
1664 3180 1700 3232 ct
1718 3162 1796 3234 dia·
1826 3168 1903 3226 1²10·
1927 3186 1976 3227 20·

573 3290 689 3346 aetio
705 3274 772 3348 AB
791 3274 826 3348 in
843 3275 976 3373 pundo
994 3276 1031 3348 N
1049 3295 1224 3363 occurrat,
1241 3295 1278 3350 et
1295 3302 1315 3349 a
1336 3275 1471 3373 pundlo
1490 3276 1519 3349 F
1537 3274 1687 3348 ducatur
1704 3277 1799 3350 reeta
1926 3268 1977 3308 ²¹·

461 3386 537 3458 ΡΗ
554 3388 601 3460 ad
620 3387 834 3462 diametrum
858 3392 925 3463 AB
946 3388 978 3462 ci
1000 3390 1193 3463 ordinatim
1218 3389 1408 3485 applicata,
1434 3408 1470 3460 et
1493 3388 1534 3461 sit
1560 3390 1589 3460 C
1615 3409 1774 3462 centrum
1785 3425 1796 3475 ;

459 3498 718 3575 semidiameter
728 3503 789 3576 CB
800 3502 920 3576 media
934 3503 1205 3601 proportionalis
1219 3503 1287 3574 erit
1305 3501 1395 3574 inter
1411 3499 1590 3598 segmenta
1605 3503 1696 3588 CH,
1715 3505 1796 3578 CN.

508 3614 645 3703 Primo,
662 3613 707 3689 lit
722 3618 893 3693 diameter
908 3620 974 3691 AB
990 3615 1186 3691 transversa.
1213 3617 1348 3690 Centro
1361 3617 1391 3687 C
1406 3636 1441 3688 et
1458 3616 1641 3688 intervallo
1660 3616 1722 3691 CB
1739 3618 1797 3690 vel
1825 3636 1901 3694 Fre.
1915 3655 1968 3698 20.

458 3731 529 3804 CA
546 3730 762 3805 describatur
776 3733 930 3806 circulus
948 3733 1064 3819 ΑΕΒ,
1090 3751 1125 3803 et
1142 3730 1292 3804 ducatur
1315 3729 1393 3804 HL
1412 3731 1586 3803 circulum
1609 3731 1644 3802 in
1661 3732 1795 3827 punsto

458 3844 495 3915 L
512 3847 593 3942 (17.
606 3846 661 3940 3.)
679 3846 902 3944 contingens.
946 3847 1150 3944 Jungantur
1166 3845 1254 3931 LN,
1271 3845 1351 3919 LC.
1395 3847 1495 3917 Tum
1519 3842 1611 3915 reeta
1628 3844 1700 3916 LN
1729 3846 1796 3918 erit
1818 3908 1821 3915 ,

457 3957 523 4054 ipli
547 3961 613 4032 AB
640 3960 683 4035 ad
709 3961 823 4035 raetos
847 3961 1009 4058 angulos,
1032 3985 1095 4057 per
1118 3959 1206 4031 Cor.
1234 3958 1343 4053 Prop.
1373 3980 1431 4052 23.
1450 3976 1486 4028 et
1511 3956 1660 4052 angulus
1684 3956 1795 4029 CLH

458 4075 535 4165 (18.
554 4076 607 4167 3.)
629 4074 756 4147 rectus.
800 4074 926 4170 Itaque
947 4075 1050 4165 (Cor.
1068 4078 1106 4147 8.
1125 4074 1179 4162 6.)
1196 4072 1289 4146 reeta
1313 4071 1398 4157 CL,
1413 4071 1481 4144 hoc
1507 4069 1557 4142 est
1577 4071 1652 4155 CB,
1678 4069 1798 4143 media

456 4186 732 4285 proportionalis
748 4185 798 4260 est
811 4186 905 4261 iuter
922 4187 1010 4275 CH,
1027 4186 1112 4261 CN.

506 4301 684 4386 Secundo,
708 4300 751 4375 lit
769 4303 834 4375 AB
854 4300 1028 4376 diameter
1051 4300 1212 4376 secunda.
1256 4301 1310 4375 Sit
1326 4298 1397 4373 DE
1416 4297 1602 4375 transversa
1618 4298 1795 4373 diameter
1822 4314 1897 4374 Fre.
1914 4334 1965 4378 ιι.

458 4414 522 4511 ipli
538 4418 604 4488 AB
631 4412 832 4513 conjugata,
858 4434 894 4487 et
918 4416 964 4487 ad
988 4416 1059 4489 DE
1084 4442 1105 4489 a
1129 4416 1295 4488 comaclu
1319 4415 1351 4488 F
1374 4415 1524 4493 ducatur
1549 4414 1579 4485 F
1584 4414 1599 4486 1
1625 4412 1794 4487 ordinata.

457 4533 633 4603 Occurrat
654 4532 864 4626 contingens
887 4531 957 4602 FN
975 4529 1148 4604 diametro
1166 4529 1237 4601 DE
1254 4528 1289 4600 in
1306 4529 1441 4626 punelo
1459 4528 1507 4606 G.
1550 4528 1621 4599 His
1641 4527 1689 4598 ita
1707 4552 1795 4598 con-

456 4641 571 4732 settis,
587 4644 654 4716 erit
670 4645 732 4715 CF
750 4643 1133 4740 parallelogrammum,
1155 4655 1219 4741 per
1235 4643 1319 4716 Cor.
1338 4662 1373 4733 3.
1393 4642 1503 4737 Prop.
1526 4665 1596 4729 145
1622 4660 1658 4710 et
1675 4664 1795 4735 perca

457 4757 560 4854 supra
571 4755 817 4845 demonstrata,
834 4777 874 4829 ut
891 4757 939 4828 Cl
959 4756 1003 4828 ad
1020 4757 1098 4843 CE,
1115 4756 1165 4830 ita
1180 4756 1245 4828 CE
1259 4756 1303 4827 ad
1320 4753 1403 4839 cG,
1419 4773 1455 4826 et
1472 4752 1619 4849 proinde
1637 4756 1738 4844 (Cor,
1758 4775 1794 4825 a.

459 4891 522 4947 20.
539 4870 592 4958 6.)
609 4868 826 4966 quadratum
840 4892 884 4941 ex
901 4869 950 4941 Cl
976 4868 1019 4941 ad
1037 4867 1248 4966 quadratum
1266 4893 1308 4941 ex
1326 4871 1391 4942 CE
1409 4886 1449 4939 ut
1466 4869 1515 4939 IC
1533 4869 1577 4938 ad
1595 4867 1675 4937 CG.
1721 4868 1793 4936 lta-

455 5006 542 5081 que,
559 4982 766 5071 dividendo,
789 4981 1035 5078 reclangulum
1052 4980 1142 5056 DlE
1161 4983 1215 5080 (6.
1237 4981 1290 5078 a.)
1310 4982 1355 5054 ad
1372 4979 1584 5078 quadratum
1602 5003 1646 5050 ex
1662 4977 1728 5050 CE
1744 4978 1794 5164 itsa
1869 5041 1872 5046 .

1775 5114 1795 5164 e
1880 5130 1883 5135 .
