5184 6600
801 915 1949 1115 48‘Smmmmdmmmm1nnss.

746 1213 748 1226 ²
857 1193 941 1264 Cor.
958 1191 989 1262 1.
1019 1191 1133 1264 Resta
1148 1192 1213 1264 ΒΚ
1230 1216 1293 1288 per
1310 1190 1484 1264 verticem
1502 1194 1540 1299 B
1555 1190 1717 1263 diametri
1740 1192 1806 1265 BD
1830 1192 1950 1279 dueta,
1981 1193 2149 1292 parallela

801 1306 981 1380 ordinatae
998 1304 1072 1389 CF,
1090 1305 1296 1401 parabolam
1308 1304 1507 1414 continget,
1524 1329 1588 1403 per
1602 1305 1693 1377 hauc
1706 1305 1816 1403 Prop.
1833 1326 1868 1381 et
1883 1308 1969 1379 Cor.
1985 1331 2019 1383 2.
2037 1310 2146 1406 Prop.

802 1421 1018 1609 sobriiibffi
1027 1476 1363 1630 'Manentibusjam
1380 1533 1515 1630 positis,
1542 1534 1567 1609 fr
1589 1559 1654 1633 per
1680 1537 1854 1633 pannum
1881 1538 2036 1635 quodvis
2064 1539 2082 1611 Ι
2110 1537 2148 1612 in

804 1649 920 1723 curva
941 1649 1129 1747 parabolae,
1155 1649 1254 1745 quod
1271 1674 1342 1721 non
1367 1650 1416 1722 est
1440 1671 1563 1725 vertex
1589 1652 1752 1725 diametri
1775 1653 1856 1737 BD,
1879 1653 2033 1726 ducatur
2055 1652 2151 1724 resta

803 1763 1029 1859 contingenti
1047 1766 1113 1836 ΒΚ
1131 1763 1187 1835 vel
1202 1764 1456 1840 ordinatae'CF
1472 1766 1650 1862 parallela,
1677 1791 1797 1842 curvae
1828 1766 1958 1878 iterum
1984 1787 2149 1840 occurret

809 1900 846 1953 et
864 1878 1024 1952 bifariam
1049 1878 1262 1952 secabitura
1286 1879 1462 1955 diametro
1486 1882 1564 1969 BD,
1593 1900 1631 1956 et
1659 1880 1809 1978 proinde
1832 1880 1901 1953 erit
1925 1879 1987 1977 ipsr
2004 1882 2070 1954 BD
2088 1905 2149 1955 or·

804 1996 944 2184 dmgbi.
963 2110 1032 2200 ΙΙΙ.
1060 2109 1098 2181 Si
1121 2110 1217 2186 retu
1241 2109 1308 2184 ΒΚ
1333 2108 1518 2209 contingat
1540 2108 1747 2206 parabolam
1772 2109 1809 2182 in
1834 2109 1876 2198 B,
1901 2107 1968 2182 erit
1985 2108 2152 2207 parallela

803 2223 978 2300 ordinatis
991 2222 1156 2305 diametri
1173 2224 1252 2310 BD,
1277 2246 1341 2319 per
1358 2225 1441 2300 Cor.
1465 2250 1495 2298 ι.
1522 2243 1558 2298 et
1573 2224 1679 2322 Prota
1699 2228 1733 2300 8.
1755 2249 1798 2297 r..

1214 2514 1538 2640 *raon
1603 2518 1678 2598 w.

809 2710 912 2791 Duae
931 2708 1042 2785 rettae
1058 2704 1100 2784 in
1114 2702 1299 2813 parabola
1318 2701 1354 2781 fe
1373 2702 1543 2783 invicem
1565 2703 1751 2798 secantes,
1772 2702 1846 2784 fefe
1864 2700 2050 2785 trifariam
2069 2730 2152 2785 non
2243 2789 2247 2797 ,

812 2846 816 2853 “
885 2829 1084 2911 secabunt.

643 3037 727 3102 1²10,
742 3055 774 3119 4.
878 3013 950 3088 IN
960 3012 996 3085 T
1021 3011 1057 3086 in
1073 3008 1240 3107 parabola
1253 3007 1353 3084 ABC
1372 3007 1455 3081 duae
1467 3010 1573 3084 reftae
1591 3011 1674 3100 AC,
1691 3010 1761 3085 DF
1776 3007 1844 3084 sese
1859 3006 2014 3082 invicem
2030 2998 2153 3084 secan·

888 3147 945 3201 tes
961 3126 997 3200 in
1014 3123 1151 3224 punsto
1162 3123 1218 3209 E,
1243 3121 1314 3197 fefe
1332 3119 1492 3197 bifariam
1511 3148 1585 3199 non
1598 3124 1776 3200 secabunt.
2197 3142 2203 3151 '

857 3243 899 3317 'Si
912 3240 1009 3314 enim
1024 3238 1099 3311 fieri
1116 3238 1242 3335 potest,
1260 3236 1378 3311 secent
1394 3237 1429 3313 se
1447 3237 1622 3328 bifariam,
1639 3258 1675 3313 et
1691 3238 1838 3314 transeat
1852 3263 1917 3337 per
1932 3239 2154 3339 puntiumE

806 3356 985 3432 diameter
1001 3354 1075 3427 BE.
1126 3354 1196 3426 Per
1210 3352 1382 3427 verticem
1399 3355 1430 3426 B
1447 3355 1621 3428 ducantur
1635 3354 1718 3428 duae
1733 3356 1841 3429 reftae
1856 3358 1941 3443 BH,
1960 3357 2026 3431 BG
2049 3357 2155 3430 rectis

809 3473 894 3559 AC,
911 3471 981 3544 DF
989 3467 1192 3566 parallelae,
1219 3468 1328 3540 altera
1344 3468 1454 3542 alteri.
1506 3469 1688 3566 Qroniam
1713 3471 1823 3570 igitur
1848 3471 1952 3544 testae
1977 3472 2059 3560 AC,
2083 3472 2155 3545 DF

810 3583 976 3661 bifariam
993 3581 1151 3656 secantur
1167 3581 1204 3654 in
1219 3582 1355 3680 pundo
1371 3579 1417 3670 E,
1443 3579 1522 3655 funt
1542 3583 1721 3660 diametro
1734 3587 1796 3659 BE
1813 3585 1998 3681 ordinatae,
2016 3604 2052 3658 et
2067 3611 2155 3684 pro·

810 3702 894 3777 inde
920 3700 1025 3777 restae
1042 3697 1129 3785 BH,
1139 3697 1219 3784 BG,
1244 3719 1310 3793 per
1336 3693 1421 3768 Cor.
1440 3718 1472 3769 r.
1490 3697 1600 3794 Prop.
1614 3720 1648 3792 3.
1675 3695 1882 3797 parabolam
1908 3697 2154 3795 contingunt:

807 3814 930 3916 quod„
948 3835 1013 3912 per
1029 3815 1065 3888 8.
1088 3836 1122 3886 1.
1148 3810 1226 3885 fieri
1243 3835 1316 3884 non
1332 3809 1459 3909 potest,
1508 3813 1633 3890 Renae
1650 3812 1760 3913 igitur
1782 3816 1865 3904 AC,
1891 3815 1959 3891 DF
1976 3813 2044 3888 sese
2064 3812 2156 3889 bifa-

810 3932 901 4006 riam
919 3953 990 4004 non
1007 3927 1134 4002 secant.
1171 3926 1223 4027 Q
1240 3929 1286 4001 E.
1306 3928 1357 4001 D.

861 4045 947 4119 Cor.
973 4042 1158 4118 Ordinatae
1174 4040 1244 4131 IL,
1260 4041 1344 4129 AC,
1358 4041 1472 4116 cuivis
1488 4041 1665 4119 diametro
1680 4040 1744 4118 BE
1759 4043 1950 4144 parabolae,
1967 4041 2048 4117 funt
2064 4041 2158 4117 inter

811 4159 847 4236 se
859 4158 1049 4260 parallelae.
1091 4157 1294 4231 Occurrant
1310 4159 1409 4231 enim
1424 4157 1599 4234 diametro
1611 4159 1675 4234 BE
1688 4159 1726 4235 in
1743 4162 1791 4250 K,
1808 4160 1855 4249 E,
1873 4179 1910 4235 et
1924 4183 2044 4234 curvae
2064 4157 2102 4232 in
2124 4159 2156 4247 I,

742 4255 749 4269 ⁸
811 4277 848 4353 L
861 4296 897 4352 et
914 4276 964 4364 A,
990 4277 1047 4359 Cr
1074 4291 1112 4348 et
1127 4273 1154 4346 fr
1171 4273 1247 4348 fieri
1259 4272 1535 4374 potestsrntnon
1551 4276 1740 4377 parallelae.
1792 4277 1918 4373 Etpcr
1930 4275 2105 4374 punctum
2121 4273 2157 4347 E

809 4392 963 4466 ducatur
975 4391 1044 4462 DF
1060 4387 1124 4486 ipsi
1135 4387 1190 4461 IL
1201 4389 1370 4486 parallela
1385 4406 1424 4465 et
1441 4413 1562 4464 curvae
1574 4391 1611 4464 in
1623 4391 1715 4480 D,F
1727 4412 1928 4464 occurrens.
1958 4390 2063 4462 Tum
2075 4408 2157 4459 rec·

811 4523 861 4581 tae
883 4506 967 4594 AC,
992 4504 1061 4577 DF
1078 4502 1288 4578 secabuntur
1313 4500 1476 4578 bifariam
1499 4505 1538 4582 in
1560 4504 1594 4584 E
1615 4527 1681 4609 per
1703 4503 1913 4608 hypothesin
1928 4521 1965 4579 et
1980 4503 2088 4601 Ptop·
2106 4520 2156 4596 32

808 4621 913 4721 quad
927 4641 992 4723 per
1005 4619 1099 4700 hanc
1113 4617 1221 4723 Prop.
1238 4613 1432 4702 absurdum
1446 4619 1511 4702 est.
1557 4668 1559 4672 ,
