5184 6600
810 1001 886 1118 86
1014 992 1304 1112 Sestionum
1333 989 1640 1108 Com'c'arum
1680 985 1763 1104 L1
1779 1020 1829 1103 Β.
1861 987 1968 1105 ΙΙΙ.

807 1242 850 1289 ex
869 1216 928 1289 IH
946 1214 990 1288 ad
1008 1212 1252 1309 restangulum
1273 1211 1389 1284 LHD
1407 1210 1460 1283 ita
1475 1206 1690 1308 quadratum
1710 1232 1755 1282 ex
1774 1207 1842 1281 GC
1862 1208 1905 1281 ad
1923 1206 2141 1305 quadratum

807 1334 946 1518 αξξ.
957 1444 985 1515 Ι.
1013 1409 1244 1516 Manentibus
1254 1438 1334 1538 jam
1350 1436 1485 1535 positis,
1500 1436 1710 1535 contingens
1727 1439 1794 1512 AB
1808 1437 1853 1511 ad
1871 1437 2141 1533 contingentem

808 1558 854 1630 BI
871 1559 949 1653 (aa.
964 1558 1015 1645 6.)
1032 1556 1082 1627 ita
1094 1554 1128 1627 se
1145 1554 1252 1627 habet
1268 1570 1309 1624 ut
1326 1549 1587 1638 semidiameter
1600 1552 1665 1625 EC
1684 1552 1728 1625 ad
1741 1552 2041 1626 semidiametrum
2058 1548 2142 1622 GC.

804 1713 809 1718 ,
858 1671 942 1742 Cor.
960 1670 1011 1741 II.
1038 1669 1138 1742 Hinc
1158 1676 1212 1761 (et
1242 1690 1297 1739 ιι.
1319 1666 1416 1761 5.)st
1441 1663 1523 1737 duae
1547 1666 1652 1738 renae
1678 1665 1970 1764 contingentibus
1995 1664 2075 1750 AB,
2094 1663 2141 1735 ΒῙ

808 1786 998 1883 parallelae,
1023 1786 1132 1860 altera
1156 1783 1266 1871 alteri,
1292 1780 1442 1877 ellipsim
1466 1782 1692 1881 contingant,
1720 1801 1824 1858 erunt
1843 1781 1931 1856 inter
1953 1779 1987 1852 se
2010 1797 2053 1851 ut
2074 1777 2142 1853 AB

811 1902 855 1972 ad
872 1901 931 1974 BI.

1233 2179 1333 2260 PR
1364 2180 1465 2259 ΟΡ
1527 2179 1643 2259 VIII.

812 2405 913 2485 Duae
931 2395 1112 2481 diametri
1131 2397 1327 2506 ellipseos,
1346 2425 1515 2506 quarum
1535 2426 1611 2479 una
1630 2398 1684 2477 est
1704 2396 1887 2507 parallela
1903 2394 2016 2475 redlis
2036 2393 2145 2475 ordi-

873 2524 1000 2604 natior
1019 2523 1127 2603 alteri
1143 2520 1364 2631 applicatis,
1396 2525 1485 2602 sunt
1504 2521 1684 2603 diametri
1702 2522 1936 2629 conjugata.

663 2828 673 2866 ι
744 2850 752 2866 .
878 2784 975 2859 ΙΝΤ
992 2782 1097 2855 renae
1120 2781 1199 2867 AB,
1215 2777 1287 2850 DE
1303 2776 1465 2850 diametri
1481 2777 1643 2876 ellipseos
1660 2777 1812 2866 ADBE,
1837 2795 1872 2850 et
1888 2776 2060 2850 diameter
2077 2773 2148 2849 DE

901 2897 1067 2996 parallela
1097 2894 1202 2970 restis
1233 2892 1407 2965 diametro
1434 2894 1502 2965 AB
1528 2892 1719 2968 ordinatim
1745 2891 1951 2992 applicatis,
1983 2890 2150 2964 diametri

813 3014 894 3101 AB,
911 3014 982 3086 DE
998 3010 1076 3084 sunt
1092 3007 1254 3098 diametri
1270 3004 1480 3103 conjugatae.

863 3128 917 3201 Sit
931 3127 1026 3200 enirn
1043 3128 1138 3198 rena
1153 3125 1207 3197 LI
1226 3122 1402 3196 diametro
1425 3123 1491 3194 AB
1507 3121 1687 3219 parallela,
1714 3146 1834 3195 curvae
1853 3122 1889 3194 in
1906 3119 2047 3218 puntiis
2064 3120 2113 3206 L,
2131 3118 2148 3191 I

812 3240 872 3315 sed
889 3239 1064 3313 diametro
1084 3237 1156 3311 DE
1179 3237 1215 3308 in
1238 3240 1373 3335 punsto
1394 3237 1444 3325 G,
1470 3262 1668 3313 occurrens.
1713 3238 1781 3312 Per
1797 3237 1946 3313 vertices
1963 3237 2012 3327 A,
2030 3237 2059 3309 B
2085 3235 2153 3309 du-

786 3360 789 3364 ’
813 3371 937 3426 cantur
953 3349 1195 3444 contingentes
1210 3352 1300 3438 AH,
1314 3352 1380 3424 ΒΚ
1397 3369 1435 3424 et
1447 3372 1634 3426 occurrant
1647 3353 1752 3426 resiae
1760 3354 1812 3428 LI
1827 3355 1863 3426 in
1879 3352 2017 3452 ponstis
2034 3353 2088 3438 H,
2103 3351 2152 3426 K.

813 3468 916 3539 Tum
933 3481 1035 3535 erunt
1049 3463 1141 3550 AH,
1155 3465 1218 3536 ΒΚ
1231 3463 1418 3561 parallelae,
1429 3487 1492 3562 per
1506 3466 1593 3539 Cor.
1612 3489 1646 3541 a.
1663 3467 1770 3564 Prop.
1793 3486 1813 3563 5
1822 3501 1834 3551 ;
1847 3485 1884 3539 et
1899 3467 2049 3565 proinde
2062 3467 2151 3555 HC,

813 3582 893 3667 GB,
910 3580 983 3651 ΗΒ
999 3577 1341 3675 parallelogramma.
1386 3578 1645 3679 contingentes
1664 3581 1773 3678 igitur
1795 3582 1889 3667 AH,
1908 3583 1974 3654 ΒΚ
1992 3583 2073 3681 (34.
2097 3579 2152 3674 ι.)

813 3695 892 3769 funt
907 3692 1072 3790 aequales,
1086 3711 1122 3764 et
1139 3690 1272 3765 idcirco
1288 3693 1461 3790 quadrata
1476 3716 1600 3766 earum
1616 3694 1779 3793 aequalia.
1823 3693 1972 3782 Rursus,
1989 3719 2052 3792 per
2066 3697 2152 3771 Cor.

815 3830 851 3902 3.
871 3808 979 3903 Prop.
999 3827 1056 3896 24.
1081 3805 1164 3878 Lib.
1187 3829 1217 3879 r.
1237 3805 1452 3902 quadratum
1470 3831 1515 3879 ex
1539 3809 1621 3883 AH
1639 3811 1683 3882 ad
1704 3808 1920 3908 quadratum
1946 3834 1990 3883 ex
2014 3811 2081 3885 ΒΚ
2101 3811 2155 3884 ita

814 3920 850 3994 se
865 3921 972 3994 habet
986 3940 1028 3993 ut
1041 3921 1284 4018 reslangulum
1301 3923 1393 3995 LHI
1406 3923 1451 3995 ad
1463 3925 1709 4020 resiangulum
1729 3925 1838 4010 1KL;
1857 3943 1894 3998 et
1909 3924 2057 4023 proinde
2069 3923 2153 4022 seg-

815 4052 936 4106 menta
960 4034 1050 4120 HL,
1071 4035 1123 4109 IK
1145 4035 1221 4108 sunt
1243 4035 1406 4133 aequalia,
1431 4062 1496 4135 per
1519 4038 1674 4111 Lemma
1704 4058 1737 4133 5.
1760 4035 1844 4109 LIb.
1874 4062 1905 4110 1.
1949 4036 2020 4109 Sed
2048 4039 2156 4113 rectae

814 4146 907 4233 HG,
924 4147 993 4218 AC
1013 4149 1092 4242 (34.
1112 4151 1160 4238 ι.)
1184 4148 1237 4219 uti
1261 4147 1368 4221 etiam
1384 4149 1469 4235 GK,
1486 4148 1547 4220 CB
1561 4147 1638 4222 sunt
1654 4149 1835 4247 aequales;
1861 4169 1898 4222 et
1915 4152 2087 4248 quoniam
2104 4153 2155 4226 est

811 4261 988 4355 pundlum
1008 4260 1038 4330 C
1056 4279 1232 4348 centrum,
1258 4261 1337 4334 sunt
1354 4264 1442 4350 HG,
1459 4263 1530 4336 KG
1548 4265 1714 4362 aequales.
1753 4266 1875 4365 Qrare
1894 4265 2065 4339 diameter
2080 4267 2153 4342 DE

815 4370 980 4444 bifariam
1002 4371 1093 4446 secat
1115 4376 1168 4446 LI
1199 4375 1234 4447 in
1259 4379 1391 4473 punsio
1420 4377 1467 4465 G,
1493 4397 1529 4451 et
1546 4377 1681 4451 idcirco
1699 4375 1862 4449 bifariam
1879 4376 2009 4451 secabit
2025 4405 2155 4454 omnes
2181 4370 2183 4374 Β

816 4488 927 4557 restas
944 4486 1007 4582 ipsr
1024 4486 1077 4557 LI
1094 4488 1276 4585 parallelas
1292 4508 1327 4561 et
1343 4489 1453 4562 curvi
1468 4492 1685 4578 terminatas,
1703 4514 1765 4590 per
1784 4492 1950 4590 Prop.4;
1970 4516 2005 4567 et
2020 4496 2153 4591 quoni·
2198 4543 2203 4549 ·
2340 4506 2344 4512 ’

818 4621 890 4683 arn,
916 4621 980 4694 per
995 4597 1216 4696 hypothefin,
1242 4601 1415 4675 diameter
1431 4605 1502 4678 DE
1528 4605 1694 4703 parallela
1711 4605 1760 4680 est
1777 4607 1879 4680 retiis
1897 4609 2070 4681 diametro
2086 4608 2163 4683 AB·

817 4710 1011 4783 ordinatim
1028 4712 1222 4808 applicatis,
1236 4715 1406 4789 diameter
1422 4719 1488 4789 AB
1506 4716 1669 4791 bifariam
1683 4719 1814 4793 secabit
1826 4746 1950 4795 omnes
1967 4724 2077 4795 restas
2090 4723 2154 4820 ipsa

818 4826 890 4898 DE
909 4826 1092 4923 parallelas
1117 4846 1153 4899 et
1180 4830 1288 4901 curvi
1313 4832 1527 4907 terminatas.
1571 4835 1670 4930 Ergo
1693 4834 1857 4911 diametri
1880 4839 1962 4929 AB,
1987 4837 2057 4910 DE
2075 4828 2181 4910 sunt‘

820 4938 986 5014 diametri
1003 4937 1215 5039 conjugata,
1232 4965 1295 5041 per
1312 4941 1396 5021 Des.
1416 4949 1450 5024 8.
1501 4947 1550 5049 Q
1569 4951 1609 5024 E.
1624 4951 1674 5026 D.
1715 4992 1717 4995 v

2067 5065 2152 5139 Cor.
