5184 6600
826 997 945 1115 372
1002 961 1101 1076 De
1128 960 1174 1072 S
1168 950 1422 1071 assianum
1448 956 1499 1068 C
1492 954 1758 1068 ontearum
1780 946 2072 1098 Domina,

641 1250 791 1291 cneum
825 1218 954 1327 itaque
988 1242 1121 1296 eorum
1154 1213 1332 1324 primaria
1361 1206 1512 1289 affectio
1544 1208 1613 1299 est,
1643 1207 1762 1316 reipsa
1792 1208 1963 1314 quidem,
1994 1209 2062 1289 etsr
2090 1237 2166 1290 non

639 1330 788 1371 OSCULA·

660 1411 773 1451 TORll.

825 1359 1053 1437 nominatim
1076 1355 1140 1458 (ad
1169 1350 1434 1459 hujuscemodi
1459 1350 1562 1427 enim
1581 1348 1733 1427 circulos
1763 1377 1960 1458 nunquam
1982 1349 2165 1456 respexit)

824 1498 997 1605 exposuit
1017 1495 1260 1603 Apollonius,
1290 1492 1357 1569 ubi
1380 1489 1425 1567 de
1451 1489 1629 1567 maximis
1654 1486 1761 1565 lineis
1790 1490 1884 1594 agit,
1916 1508 1955 1567 et
1980 1488 2166 1577 minimis,

826 1662 912 1742 quae
941 1661 963 1712 a
991 1634 1088 1713 datis
1108 1635 1147 1710 in
1179 1658 1249 1710 axe
1279 1628 1431 1737 punctis
1458 1626 1505 1705 ad
1524 1652 1681 1704 curvam
1702 1623 1873 1704 sectionis
1893 1625 1983 1704 duci
2009 1623 2165 1732 poffint.

826 1777 928 1879 Qae
953 1772 1056 1850 enim
1084 1799 1131 1850 ex
1154 1767 1376 1875 hujusmodi
1395 1766 1502 1844 lineis
1532 1767 1710 1845 maximae
1728 1765 1776 1845 ab
1796 1794 1841 1845 eo
1860 1765 2168 1846 demonstrantur

707 1974 713 1980 .
823 1907 897 1988 else
916 1909 977 1988 vel
995 1910 1179 1999 minimae,
1209 1907 1326 1986 modo
1346 1908 1535 2014 punctum
1561 1908 1601 1985 in
1627 1934 1696 1985 axe
1723 1906 1775 1985 ita
1801 1905 1984 1997 sumatur,
2016 1926 2061 1984 ut
2085 1908 2166 2012 ejus

822 2051 1003 2127 avertice
1021 2048 1195 2127 distantia
1214 2046 1366 2155 aqualis
1390 2045 1435 2124 fit
1453 2041 1614 2125 dimidio
1635 2045 1962 2155 parametri*—-fi
1990 2043 2051 2124 his
2080 2044 2167 2152 ipfis

782 2190 784 2194 ⁴
822 2187 931 2266 lineis
965 2206 1098 2296 utpote
1136 2188 1247 2266 radiis
1278 2185 1536 2264 describantur
1569 2186 1716 2278 circuli,
1759 2187 1975 2268 sectionem
2008 2183 2057 2262 ad
2090 2185 2168 2264 axis

823 2328 1007 2405 verticem
1041 2324 1319 2430 osculabuntur.
1374 2324 1553 2404 Similiter
1586 2345 1718 2406 autem
1751 2327 1820 2429 qui
1853 2323 1968 2404 etad
2006 2320 2169 2431 cujusvis

824 2462 1001 2543 diametri
1028 2465 1209 2565 verticem
1230 2462 1389 2541 describi
1419 2461 1571 2568 possunt
1599 2464 1732 2542 circuli
1762 2462 1984 2573 osculaturii,
2014 2460 2166 2541 abscin-

822 2603 913 2682 dent
932 2629 954 2680 a
977 2601 1164 2680 diametro
1190 2599 1432 2708 segmentum
1450 2601 1555 2680 istius
1574 2603 1753 2684 diametri
1776 2621 1990 2711 parametro
2009 2603 2165 2710 aequale,

824 2742 972 2820 Eadem
990 2741 1117 2849 postea
1135 2770 1156 2820 a
1179 2741 1370 2821 Vincentio
1392 2739 1551 2818 Viviani
1573 2742 1827 2821 demonstrata
1846 2742 1945 2834 sunt,
1976 2761 2015 2822 et
2035 2741 2167 2823 eadem

824 2906 978 2987 quoque
1009 2877 1210 2971 meth0d0,
1240 2906 1326 2986 quae
1356 2877 1404 2955 ab
1434 2874 1625 2957 hodiernis
1656 2879 1867 2987 usurpatur,
1898 2883 1936 2959 in
1965 2880 2029 2959 sua
2060 2896 2088 2932 ‘⁴
2105 2883 2167 2961 De

822 3019 1010 3097 Maximis
1051 3036 1093 3097 et
1123 3018 1302 3097 Minimis
1334 3017 1582 3096 Geometrica
1617 3019 1863 3098 Divinatione
1896 3021 1936 3098 in
1969 3021 2167 3128 Qintum

824 3160 1060 3239 Conicorum
1105 3157 1304 3265 Apollonii
1343 3161 1487 3265 Pergaei
1526 3156 1652 3238 adhuc
1698 3159 2039 3267 defideratum†.''
2094 3162 2167 3240 Per

804 3294 940 3377 ‘annos
974 3296 1050 3377 fere
1084 3298 1239 3407 triginta
1266 3327 1314 3378 ex
1343 3327 1421 3407 quo
1455 3297 1537 3378 haec
1568 3299 1723 3405 vulgata
1750 3297 1852 3391 sunt,
1881 3295 1978 3377 nihil
2006 3318 2069 3379 ex·
2093 3297 2166 3379 hac

822 3455 928 3544 parte
947 3464 968 3514 a
989 3434 1282 3514 Mathematicis
1301 3438 1449 3517 editum
1468 3441 1537 3532 est,
1568 3440 1671 3547 quod
1691 3459 1801 3519 antea
1830 3468 1907 3520 non
1937 3442 2165 3522 innotuerat.

822 3575 885 3654 lbi
906 3593 1004 3664 tum,
1024 3600 1124 3651 anno
1142 3574 1326 3652 nimirum
1352 3576 1470 3671 1686,
1502 3583 1541 3658 in
1563 3582 1672 3659 Actis
1691 3580 1966 3688 Lipsiensrbus,
1998 3584 2166 3662 Audlore

824 3715 1039 3819 Leibm'tfio,
1067 3715 1216 3821 publici
1228 3716 1327 3821 juris
1347 3718 1446 3797 facta
1474 3717 1528 3795 est
1557 3733 1584 3768 ‘⁴
1604 3718 1811 3797 Meditatio
1841 3744 1940 3796 nova
1963 3718 2166 3800 denatura

821 3854 1165 3961 anguli'contabius
1190 3853 1370 3962 etusculi,
1406 3853 1624 3962 horumque
1645 3857 1713 3937 usu
1733 3860 1771 3936 in
1793 3859 1958 3966 practici
1977 3860 2162 3960 Mathefi,

821 3994 869 4071 ad
895 3992 1035 4097 figuras
1062 3986 1248 4072 faciliores
1273 3992 1518 4073 succedaneas
1539 3995 1816 4077 difficilioribus
1845 3997 2163 4079 substituendos..’'

728 4422 733 4428 ἡ
862 4354 876 4381 ·
899 4341 975 4402 Vide
990 4342 1187 4420 Apollonium,
1203 4343 1268 4401 Lib.
1282 4364 1311 4424 ς.
1327 4345 1412 4423 Prop.
1430 4365 1461 4423 4,
1478 4346 1549 4424 5,6,
1565 4352 1593 4414 8,
1609 4366 1638 4424 9,
1659 4366 1705 4415 ιο,
1724 4349 1771 4416 16,
1787 4368 1836 4409 20.

862 4461 881 4522 †
905 4450 969 4527 Qo
985 4451 1064 4525 Opus
1079 4448 1133 4506 hoc
1146 4448 1263 4508 confilio
1276 4450 1436 4509 inchoatum
1455 4452 1504 4519 est,
1527 4473 1561 4511 ex
1576 4453 1660 4513 titulo
1674 4454 1747 4514 illius
1762 4455 1827 4515 satis
1840 4466 1998 4532 comparet.
2035 4454 2112 4534 Qin
2135 4468 2163 4514 ot

765 4624 768 4630 1
820 4573 1047 4632 magnaquoque
1061 4568 1189 4631 exparte
1203 4554 1361 4613 confestum
1375 4557 1425 4626 est,
1445 4576 1508 4615 cum
1523 4572 1552 4615 ut
1572 4558 1652 4637 supra
1672 4558 1805 4628 diximus,
1828 4558 1974 4636 Apollonii
1992 4558 2076 4617 Libri
2091 4559 2161 4638 Sep-

817 4675 875 4718 tem
890 4655 1013 4714 Arabica
1026 4656 1157 4715 Versrone
1171 4657 1268 4716 donati
1281 4679 1297 4715 a
1312 4659 1422 4719 Borello
1436 4662 1539 4744 reperti
1553 4665 1649 4722 essent.
1676 4664 1784 4723 Amicis
1800 4677 1894 4721 tamen
1908 4661 1950 4721 ita
1964 4683 2029 4722 eum
2043 4663 2162 4734 suaden-

818 4762 903 4831 tibus,
925 4780 1013 4838 neque
1027 4760 1165 4819 Codicem
1180 4762 1252 4820 hunc
1266 4763 1295 4820 in
1311 4764 1403 4822 lucem
1418 4767 1565 4845 vulgatum
1580 4767 1700 4845 inspexit
1715 4767 1754 4824 V.
1770 4767 1897 4837 Viviaui,
1914 4787 2005 4846 neque
2019 4788 2084 4827 cum
2098 4768 2161 4827 aliie

818 4862 854 4921 de
867 4882 902 4921 eo
915 4861 1112 4921 commercium
1125 4863 1235 4933 habuit,
1254 4863 1300 4923 sed
1314 4885 1384 4943 opus
1400 4866 1476 4929 suum
1498 4869 1534 4929 ad
1560 4869 1643 4930 finem
1658 4869 1799 4949 perduxit,
1824 4886 1853 4933 et
1866 4873 1982 4953 proprio
1996 4887 2088 4933 marte
2102 4874 2161 4938 eh·

819 4964 947 5023 boratum
969 4961 1118 5024 Florentiae
1132 4963 1223 5025 edidit
1234 4984 1309 5027 anno
1328 4964 1414 5049 1659.

1982 5119 2163 5202 Primum
