5184 6600
845 924 879 1041 3
886 923 965 1046 52
1023 888 1122 1005 De
1146 878 1437 1000 Sedunum
1465 883 1517 996 C
1510 877 1776 996 onicarum
1803 873 2099 1025 Doc’lrinm

845 1143 893 1224 de
907 1144 1019 1224 Cono
1031 1141 1186 1250 ejusque
1196 1140 1427 1222 sectionibus
1442 1154 1487 1219 ut
1504 1138 1545 1217 in
1566 1137 1678 1218 Cono
1688 1137 1835 1246 positis,
1852 1136 2038 1218 rationem
2056 1135 2195 1216 deinde

848 1282 950 1363 inter
977 1281 1151 1361 diametri
1180 1281 1400 1389 principaiis
1428 1279 1614 1359 ordinatas
1641 1276 1796 1383 ejusque
1822 1272 1995 1354 abscissas
2019 1276 2197 1384 exponit.

814 1486 816 1489 ,
848 1420 944 1502 Inde
982 1421 1209 1500 concinnata
1237 1420 1489 1529 profectione
1508 1414 1678 1524 qualibet
1707 1413 1932 1521 aquatione,
1967 1414 2198 1494 “effentiale

848 1560 1066 1669 symptoma
1083 1587 1167 1641 earn
1187 1558 1367 1669 appellat,
1380 1555 1480 1636 unde
1499 1553 1644 1661 reliqua
1660 1550 1887 1661 dependent,
1903 1573 1942 1631 et
1961 1551 2112 1632 calculo
2126 1553 2196 1632 dc-

693 1721 770 1782 Frc.
793 1722 823 1789 ε,
851 1701 942 1781 duci
959 1698 1154 1809 poffunt.”
1175 1694 1584 1783 PofitanirnirumAD
1598 1693 1771 1775 sectionis
1782 1693 1969 1773 diametro
1979 1692 2198 1802 principaii,

774 1820 823 1942 ,ἓξ
851 1841 929 1920 BC
949 1867 1036 1948 quae
1052 1839 1088 1918 ei
1107 1838 1314 1919 ordinatim
1339 1835 1529 1946 applicata
1548 1833 1616 1928 est,
1646 1835 1666 1913 l
1686 1852 1818 1913 autern
1835 1832 1942 1915 lateri
1962 1836 2065 1913 recto
2082 1833 2198 1942 ipfius

850 1981 934 2060 AL
962 1978 1113 2085 aequali,
1143 1979 1218 2058 BC
1253 1979 1504 2086 insuper=p,
1534 1995 1574 2054 et
1594 1972 1773 2066 Ass=d,
1801 1973 1841 2053 in
1868 1973 1988 2081 eliipfi
2014 1976 2136 2055 etiam
2159 1993 2199 2055 et

848 2115 1059 2225 hyperboln
1078 2116 1250 2196 t=AD
1269 2117 1343 2199 toti
1361 2114 1577 2208 diametr03
1608 2116 1745 2225 repetit
1774 2116 1814 2193 in
1833 2112 2018 2193 Parabola
2028 2113 2196 2222 p²=dl,

847 2230 1422 2370 nnlnpfip²=dr--1-d¹,
1452 2258 1492 2336 tn
1512 2253 1737 2364 Hyperbota
1757 2229 2069 2371 p==dr÷7¹ra

907 2396 1051 2503 Neque
1078 2392 1178 2471 ultra
1196 2391 1279 2472 haec
1299 2394 1340 2472 in
1365 2396 1490 2503 priore
1521 2397 1663 2504 Operis
1687 2393 1744 2473 sui
1761 2394 1963 2506 partitione
1986 2393 2197 2474 sectionum

848 2530 1070 2617 affectiones
1116 2529 1371 2642 persequitur.
1437 2535 1503 2614 Ad
1541 2533 1770 2642 arquationes
1806 2548 1941 2612 autem
1990 2529 2101 2611 hasce
2146 2534 2201 2612 ita

849 2671 1008 2753 demum
1025 2669 1076 2751 ab
1093 2697 1140 2750 eo
1158 2668 1364 2751 deventum
1382 2671 1450 2765 est,
1467 2671 1637 2753 adhibita
1655 2675 1762 2782 prius
1781 2672 1828 2752 ad
1846 2700 1903 2766 ea,
1925 2698 2011 2778 quae
2030 2672 2078 2753 ad
2098 2674 2201 2754 Coni

850 2829 1027 2894 naturam
1046 2810 1250 2918 pertinent,
1271 2808 1474 2890 Cavallerii
1491 2809 1774 2918 Indivistbilium
1793 2809 2047 2892 Cemetria!

911 2953 997 3061 Qri
1020 2950 1208 3031 secundus
1232 2950 1287 3030 est
1332 2950 1498 3031 Wallifii
1535 2953 1729 3043 tractatus,
1757 2977 1780 3029 a
1804 2951 1930 3057 priore
1948 2977 2027 3029 non
2052 2950 2199 3061 sejungi

848 3091 1133 3184 tantummodo,
1167 3089 1231 3170 sed
1267 3089 1432 3172 confiliis
1470 3083 1509 3171 et
1546 3088 1731 3171 methodo
1750 3088 1898 3199 prorsus
1923 3089 2090 3172 diversus
2128 3091 2200 3172 effe

849 3232 1088 3313 arbitrandus
1124 3229 1208 3311 est.
1268 3229 1374 3310 Rem
1411 3231 1516 3310 enim
1545 3229 1601 3309 ibi
1634 3255 1792 3311 omnem
1821 3229 1927 3339 quafi
1965 3228 2014 3310 dc
2051 3231 2201 3340 integro

850 3372 1000 3461 tractat,
1035 3397 1118 3480 quae
1129 3370 1259 3476 supra
1287 3364 1510 3448 exhibentur
1538 3367 1761 3478 aequationes
1789 3387 1841 3481 ut·
1861 3367 1956 3477 ipsas
1977 3372 2201 3453 Sectionum

850 3503 1075 3612 definitiones
1113 3505 1239 3613 ponit,
1281 3521 1321 3583 ct
1372 3524 1560 3613 computo
1597 3505 1733 3585 exinde
1785 3506 2019 3614 Algebraico
2061 3538 2201 3621 paucas

709 3753 713 3758 ¹
852 3641 1035 3752 quasdam
1057 3668 1106 3721 ex
1132 3644 1321 3750 primariis
1339 3671 1471 3725 earum
1497 3642 1763 3726 affectionibus
1783 3648 2051 3757 comprobatas
2072 3654 2198 3733 tradit.

853 3782 974 3863 Novo
992 3782 1122 3891 itaque
1140 3800 1182 3864 et
1200 3802 1312 3865 antea
1329 3785 1526 3894 inexperto
1545 3785 1746 3868 conamine
1764 3785 1812 3866 ad
1829 3788 2056 3874 conicorum
2076 3790 2202 3899 expli·
2278 3888 2286 3902 .

852 3920 1042 4000 cntionem
1059 3920 1095 4000 se
1118 3923 1288 4003 accinxit
1306 3923 1518 4017 Wallistus,
1534 3941 1575 4004 et
1592 3924 1640 4004 ad
1658 3951 1789 4005 earum
1807 3924 2026 4046 affectiones
2045 3927 2199 4017 investi,

852 4056 993 4166 gandae
1011 4057 1216 4145 methodum
1234 4061 1459 4172 analjtticam
1477 4063 1625 4173 primus
1640 4065 1817 4149 omnium
1835 4066 2028 4150 adhibuit.

818 4397 820 4400 '
894 4390 912 4423 '
930 4383 1022 4445 Dicax
1031 4387 1095 4465 plut
1105 4406 1185 4466 aequo
1195 4388 1250 4447 Vir
1258 4402 1287 4447 et
1300 4386 1434 4458 infensus,
1448 4388 1544 4449 multis
1557 4386 1691 4452 insecutus
1700 4392 1740 4451 est
1748 4392 1904 4455 Hobbesms
1917 4394 2041 4458 Waflifii
2051 4393 2197 4456 Cortica-

854 4478 931 4541 vide
947 4482 1106 4561 Dialogom
1121 4504 1155 4544 eo
1179 4486 1300 4546 Austore
1321 4487 1462 4567 quintam,
1482 4488 1530 4549 cui
1550 4486 1647 4547 titulus
1669 4497 1694 4525 ‘⁴
1709 4490 1888 4557 Examinatio
1900 4505 1931 4555 et
1944 4486 2116 4557 unedone
2129 4493 2196 4557 Μιό

852 4577 1014 4639 thematicae
1034 4581 1223 4643 Hodiernae.”
1256 4584 1315 4645 Sed
1332 4606 1368 4645 ex
1381 4587 1505 4647 maxima
1518 4599 1599 4665 parte
1613 4588 1808 4653 tautummodo
1820 4608 1854 4652 ea
1864 4589 1973 4661 rudit,
1993 4610 2059 4671 qun
2072 4607 2130 4651 Μ
2141 4603 2198 4650 Μ

856 4674 996 4745 wenido,
1016 4696 1103 4760 quarn
1117 4678 1295 4749 Infinitum
1308 4683 1441 4747 doctum
1454 4683 1613 4764 objio'enda
1626 4685 1699 4749 sunt.

2112 4816 2199 4899 quae
