5184 6600
495 1127 517 1139 „
647 974 936 1101 Sedlionum
968 979 1020 1095 C
1012 978 1277 1097 ontearum
1301 981 1437 1100 Lm.
1463 985 1600 1102 VII.
1678 979 1803 1150 '285

512 1245 617 1320 Nam
634 1247 785 1322 ducatur
799 1270 864 1346 per
873 1247 1044 1321 verticem
1058 1246 1096 1320 A
1108 1246 1202 1319 reda
1214 1247 1288 1320 AD
1302 1248 1358 1320 axi
1375 1248 1443 1320 AB
1454 1248 1752 1346 perpendicularis
1770 1272 1809 1329 et

465 1363 614 1460 aequalis
630 1380 833 1462 parametro
844 1362 927 1452 AC,
940 1382 976 1434 er
985 1363 1161 1459 jungatur
1175 1364 1255 1436 CD.
1283 1364 1352 1436 Per
1367 1364 1542 1460 pundum
1559 1366 1752 1463 quodvisF
1769 1367 1806 1442 in

466 1478 642 1552 diametro
660 1480 729 1554 AC
746 1479 896 1554 ducatur
912 1481 1007 1553 reeta
1031 1478 1061 1550 F
1062 1478 1132 1551 EG
1159 1478 1217 1551 axi
1235 1480 1302 1551 AB
1326 1479 1517 1554 ordinatim
1541 1482 1727 1580 applicata,
1743 1507 1808 1558 oc-

467 1616 609 1665 currens
625 1591 834 1690 peripheriae
861 1591 983 1666 circuli
1004 1592 1040 1665 in
1056 1592 1103 1680 E,
1123 1616 1240 1667 curvae
1257 1593 1416 1669 sectionis
1434 1595 1470 1669 in
1498 1597 1533 1668 G
1555 1618 1593 1669 et
1619 1600 1722 1674 κᾶε
1739 1601 1808 1674 CD

466 1706 501 1779 in
518 1709 566 1781 K.
593 1708 636 1781 In
652 1706 765 1806 ellipii
779 1709 838 1782 vel
855 1708 1049 1806 hyperbole
1064 1706 1213 1782 ducatur
1226 1709 1324 1782 reda
1340 1710 1484 1807 BDipsr
1502 1711 1602 1786 FEG
1621 1712 1657 1787 in
1674 1717 1818 1812 pundo·

466 1823 510 1895 H
526 1845 735 1909 occurrens;
762 1823 799 1897 in
816 1823 984 1922 parabola
996 1846 1083 1896 vero
1099 1823 1250 1898 ducatur
1265 1827 1358 1899 reda
1383 1827 1463 1899 DH
1480 1827 1536 1900 axi
1551 1830 1617 1901 AB
1642 1829 1809 1928 paralleia

466 1957 502 2013 et
516 1962 706 2012 occurrens
724 1939 789 2037 ipsi
805 1939 905 2014 EFG
921 1938 957 2011 in
977 1939 1029 2011 H.
1072 1937 1175 2010 Tum
1200 1939 1344 2037 propter
1367 1941 1522 2037 aequales
1541 1943 1624 2030 AC,
1638 1944 1727 2032 AD,
1744 1943 1811 2017 erit

466 2055 534 2127 FK
549 2054 694 2154 aequalis
710 2052 773 2152 ipfi
789 2052 865 2140 FC,
879 2068 915 2124 et
931 2049 1063 2125 idcirco
1078 2051 1320 2148 redtangulum
1331 2053 1398 2125 AF
1399 2055 1434 2127 K
1450 2054 1589 2152 aequale
1604 2056 1809 2154 redtangulo

465 2171 580 2258 AFC,
606 2171 675 2247 hoc
692 2170 742 2244 est
758 2178 837 2267 (35.
857 2171 908 2264 3..)
933 2168 1072 2266 aequale
1087 2164 1322 2266 quadrato‘ex
1345 2169 1410 2254 EF
1413 2223 1422 2243 .
1449 2170 1519 2243 Sed
1535 2171 1747 2268 quadratum
1763 2198 1809 2248 ex
1900 2269 1905 2273 ψ

465 2287 532 2361 FG
559 2285 695 2383 aequale
723 2283 773 2358 est
798 2283 1004 2381 tetrangulo
1031 2284 1154 2371 AFH,
1178 2286 1367 2384 perProp.
1387 2308 1444 2359 ιι.
1461 2286 1547 2360 Lib.
1560 2312 1595 2375 a,
1623 2288 1730 2388 Prop.
1749 2311 1806 2362 11.

350 2440 352 2442 ·
372 2422 378 2431 ’
466 2403 552 2477 Lib.
565 2424 602 2497 3,
627 2420 666 2476 et
679 2404 789 2500 Prop.
806 2424 863 2498 ¹9·
880 2398 967 2474 Lib.
980 2422 1016 2490 4
1050 2398 1150 2497 Ergo
1164 2398 1201 2473 in
1217 2396 1384 2495 parabola
1398 2417 1433 2471 et
1447 2398 1650 2497 hyperbole,
1668 2420 1705 2474 et
1723 2423 1809 2475 cum

467 2518 541 2591 axis
557 2519 624 2591 AB
640 2515 689 2588 est
704 2512 912 2588 transversus
926 2513 963 2587 in
987 2514 1110 2611 ellipfi,
1128 2513 1195 2588 erit
1209 2513 1424 2612 quadratum
1447 2539 1491 2587 ex
1505 2516 1572 2588 FG
1592 2513 1700 2614 majus
1716 2542 1808 2615 qua·

466 2630 566 2705 drato
581 2654 626 2704 ex
636 2631 666 2703 F
667 2629 700 2701 E
706 2663 719 2715 ς
744 2645 780 2703 et
797 2628 945 2727 proinde
961 2630 1130 2727 pundtum
1148 2629 1183 2702 G
1198 2648 1295 2703 extra
1305 2629 1496 2703 circulum.
1523 2629 1560 2704 Si
1576 2653 1661 2704 vero
1679 2630 1722 2703 rt
1739 2633 1809 2705 AB

467 2744 538 2820 axis
564 2742 774 2844 conjugatus
802 2741 961 2844 ellipseos
989 2744 1055 2818 erit
1070 2744 1285 2844 quadratum
1300 2768 1347 2819 ex
1368 2745 1397 2818 F
1399 2744 1434 2820 E
1448 2741 1561 2845 majus
1576 2746 1748 2846 quadrato
1763 2769 1818 2820 ex·

464 2862 550 2948 PG.
576 2882 612 2937 et
625 2859 775 2959 proinde
787 2856 959 2957 pendunt
974 2861 1010 2935 G
1027 2859 1117 2933 intra
1132 2857 1314 2935 cirudum.

918 3263 1091 3345 PRO
1121 3260 1167 3342 P.
1225 3259 1345 3347 XVI.

328 3551 343 3560 -
466 3497 508 3581 Si
538 3492 725 3578 avertiee
750 3495 833 3576 axis
854 3494 1051 3578 transversi
1076 3480 1252 3605 ellipseos
1280 3495 1343 3576 vel
1372 3484 1611 3604 hyperbolae,
1640 3494 1703 3577 vel
1728 3498 1810 3580 axis

527 3601 735 3730 parabola,
766 3609 936 3728 ponatur
963 3622 1006 3701 in
1038 3645 1109 3699 axe
1135 3622 1239 3699 resta
1264 3618 1390 3724 major
1414 3616 1532 3727 ipsius
1558 3616 1780 3729 parametro
1793 3659 1806 3714 ς

521 3742 693 3826 circulus
726 3742 836 3823 circa·
866 3741 969 3847 hanc
1007 3760 1196 3851 tanquam
1231 3741 1469 3821 diametrum
1507 3742 1723 3852 descriptus
1761 3734 1819 3824 ad'

521 3866 702 3975 utrasque
735 3881 865 3976 partes
897 3866 1054 3947 verticis
1088 3863 1197 3944 istius
1226 3863 1341 3943 cadet
1373 3881 1483 3944 extra
1513 3864 1747 3945 senionem:
1779 3864 1808 3945 A

520 4015 614 4074 vero
633 3990 821 4071 avertice
842 3989 926 4069 axis
946 3987 1150 4096 conjugati
1170 3983 1349 4095 ellipseos
1369 4004 1536 4097 ponatur
1555 3988 1596 4066 in
1616 3989 1821 4067 exercete.

519 4115 654 4196 minor
672 4112 789 4223 ipsius
807 4130 1043 4222 parametro,
1070 4107 1242 4191 circulus
1261 4109 1368 4190 circa
1386 4107 1489 4191 banc
1509 4129 1697 4218 tanquam
1721 4110 1808 4190 dia·

520 4255 697 4320 metrum
715 4234 933 4348 descriptus
959 4236 1007 4317 ad
1027 4233 1208 4342 utrasque
1232 4252 1362 4343 partes
1382 4232 1540 4314 verticis
1564 4233 1672 4314 istius
1696 4232 1809 4315 cadet

520 4361 625 4442 intra
642 4358 869 4445 senionem.
973 4407 981 4425 ι

541 4539 702 4663 RlMo
720 4535 763 4659 iit
774 4586 843 4660 AB
860 4584 934 4659 axis
950 4583 1156 4660 transversus
1169 4580 1327 4658 senionis
1346 4583 1494 4672 conica,
1523 4603 1560 4659 et
1584 4582 1755 4657 avertice
1770 4584 1822 4660 A·
1840 4608 1985 4686 51044,

405 4790 417 4799 .
565 4721 717 4804 ponatur
732 4702 769 4776 in
786 4725 851 4777 axe
862 4703 955 4776 rena
966 4703 1034 4777 Ac
1053 4698 1166 4798 major
1182 4699 1285 4798 ipsius
1301 4720 1499 4796 parametro
1509 4736 1520 4787 ς
1552 4701 1701 4775 circinus
1717 4702 1823 4777 Alc»
1928 4708 1982 4768 45»

464 4817 559 4893 eirca
573 4819 836 4913 ACranquam
857 4816 1073 4894 diametrum
1089 4815 1276 4936 descriptus
1300 4816 1345 4889 ad
1360 4815 1519 4916 utrasque
1535 4837 1652 4917 partes
1668 4815 1808 4894 verticis
1930 4787 1982 4848 47·

466 4937 506 5012 A
522 4935 625 5015 cadet
638 4952 739 5014 extra
753 4932 954 5013 sectionem.
1751 5042 1790 5118 s·
1869 5013 1873 5021 ,

528 5092 530 5094 ψ
1780 5061 1809 5118 rt
