5184 6600
778 975 898 1097 286
983 963 1269 1086 &monam
1300 962 1609 1080 Conicarum
1635 957 1767 1076 Lm.
1788 962 1945 1082 VII.

819 1228 877 1303 sit
892 1226 989 1301 enim
1016 1224 1051 1298 in
1076 1219 1185 1320 ellipsr
1212 1218 1384 1317 piundum
1406 1215 1438 1288 C
1468 1213 1557 1287 inter
1581 1214 1732 1288 vertices
1749 1216 1800 1304 A,
1812 1216 1855 1304 B,
1884 1233 1920 1290 et
1936 1213 1973 1290 in
1989 1212 2124 1310 quavis

643 1392 645 1394 .
774 1344 924 1419 sedione
944 1343 1089 1434 ducatpr
1107 1338 1200 1410 resta
1217 1336 1291 1407 AD
1309 1330 1365 1408 axi
1387 1332 1455 1406 AB
1472 1329 1767 1429 perpendicularis
1782 1350 1819 1406 et
1840 1334 1989 1432 aequans
2014 1332 2124 1431 ipfius

774 1478 987 1559 parametro.
1014 1435 1167 1532 Arena
1191 1452 1264 1525 AD
1281 1448 1440 1521 sumatur
1455 1444 1674 1542 segmentum
1697 1446 1765 1519 AF
1790 1449 1925 1544 aequnle
1941 1448 2126 1523 diametro

773 1577 857 1664 AC,
875 1595 912 1650 et
931 1573 1102 1674 jungatur
1125 1568 1202 1644 CF.
1238 1565 1282 1638 ln
1300 1562 1408 1661 ellipfi
1424 1562 1483 1635 vel
1500 1560 1696 1661 hyperbold
1709 1560 1858 1636 ducatur
1873 1564 1969 1637 reda
1992 1566 2058 1639 BD
2083 1584 2126 1641 et

772 1708 934 1763 occurrat
961 1689 1066 1763 κᾶε
1094 1686 1158 1761 CF
1174 1686 1210 1757 in
1227 1683 1272 1758 E.
1315 1683 1358 1756 In
1383 1676 1547 1777 parabola
1562 1679 1650 1753 vern
1674 1679 1826 1753 ducatur
1841 1683 1935 1756 rena
1960 1682 2033 1756 DE
2061 1680 2124 1758 axi

772 1804 935 1903 parallela
950 1822 986 1876 et
1009 1821 1169 1877 occurrat
1182 1801 1286 1876 κᾶε
1302 1800 1365 1873 CF
1381 1797 1417 1871 in
1434 1798 1477 1872 E.
1505 1796 1547 1870 ln
1564 1796 1658 1871 κᾶε
1673 1798 1749 1883 CF,
1766 1796 1941 1894 inqunvis
1952 1796 2124 1889 sefflone,

772 1921 929 1996 sumatur
938 1917 1113 2018 punstum
1128 1916 1280 2014 quodvis
1297 1915 1335 1989 G
1348 1914 1437 1990 inter
1450 1911 1584 2011 punsta
1599 1912 1645 2001 E,
1657 1913 1700 2001 F,
1717 1930 1754 1987 et
1769 1914 1921 1989 ducatur
1934 1917 2028 1991 reda
2043 1919 2121 1993 GL

774 2033 831 2108 axi
848 2035 914 2108 AB
931 2029 1124 2106 ordinatim
1140 2030 1331 2129 applicata,
1353 2051 1542 2102 occurrens
1558 2029 1664 2103 κᾶε
1689 2026 1762 2103 DF.
1778 2028 1814 2105 in
1831 2030 1887 2120 H,
1908 2030 2121 2131 peripheriae

773 2148 896 2224 circuli
914 2148 948 2223 in
964 2149 995 2235 I,
1013 2171 1133 2222 curvae
1145 2145 1305 2220 sedinnis
1321 2141 1356 2218 in
1369 2144 1405 2216 K
1420 2161 1458 2218 et
1474 2142 1530 2216 axi
1547 2146 1613 2219 AB
1628 2142 1665 2218 in
1680 2145 1729 2221 L.
1761 2147 1863 2221 Tum
1880 2148 1949 2223 erit
1962 2152 2123 2249 quadra·

773 2285 852 2339 tum
867 2287 913 2338 ex
924 2262 1084 2337 ordinati
1098 2260 1320 2358 LKaequale
1335 2258 1538 2356 restangulo
1553 2260 1669 2335 ALH
1680 2284 1750 2359 po·
1764 2263 1873 2362 Prop.
1892 2286 1950 2342 11.
1974 2264 2060 2344 Lib·
2083 2288 2123 2355 2,

773 2382 880 2480 Prop.
895 2404 959 2457 11.
969 2378 1058 2454 Lib.
1071 2402 1106 2473 3,
1123 2399 1159 2453 et
1175 2380 1283 2475 Prop.
1302 2399 1360 2473 19.
1376 2373 1461 2450 Lib.
1474 2398 1511 2467 4.
1552 2374 1679 2465 Porm,
1701 2395 1853 2477 propter
1867 2378 2020 2476 aequnles
2031 2381 2123 2470 AF,

773 2499 866 2586 AC,
887 2494 953 2572 erit
975 2494 1221 2592 anangulum
1239 2492 1347 2567 ALG
1368 2491 1506 2589 aeqnale
1531 2492 1739 2590 redingul'o
1764 2491 1887 2582 ALC,
1909 2511 1946 2568 et
1968 2494 2122 2592 proinde

771 2614 905 2711 aeqnale
918 2612 1090 2713 qnadrnto
1113 2636 1159 2687 ex
1179 2611 1236 2687 IL
1250 2616 1329 2708 (35.
1343 2609 1408 2707 3.).
1452 2608 1523 2683 Sed
1543 2608 1789 2708 redargulum
1809 2611 1920 2686 ALG
1938 2609 2050 2712 majus
2067 2615 2121 2690 est

772 2728 979 2829 redangulo
992 2728 1121 2817 ALH,
1150 2745 1187 2801 et
1210 2724 1343 2800 idcirco
1357 2726 1566 2823 qundrmmr
1589 2748 1635 2799 ex
1658 2726 1714 2799 11.
1736 2724 1850 2827 majus
1875 2730 2047 2827 quadram
2072 2755 2123 2807 ex

772 2843 857 2920 LK.
883 2846 982 2944 Ergo
998 2844 1048 2918 est
1062 2841 1271 2944 punstuml
1297 2839 1618 2942 extrasefflonem,
1643 2862 1681 2915 et
1704 2841 1841 2932 ίῑκᾶα
1865 2845 1937 2919 GL
1951 2857 2124 2924 occurrat

771 2959 983 3060 peripheriae
1010 2958 1133 3033 circuli
1151 2957 1279 3032 iterum
1296 2954 1333 3029 in
1354 2955 1489 3053 pundo
1504 2955 1563 3043 M,
1581 2956 1647 3030 erit
1664 2957 1840 3055 pundum
1864 2961 1910 3034 Μ
1927 2978 2024 3034 extra
2039 2959 2120 3035 sec·
2278 3016 2284 3024 .

771 3076 917 3151 tionem
944 3079 1066 3177 Quare
1082 3074 1238 3149 circulus
1254 3073 1342 3148 Alc
1358 3072 1403 3146 ad
1418 3068 1582 3171 utrasque
1599 3090 1714 3171 partes
1728 3072 1872 3148 verticis
1889 3076 1925 3149 A
1942 3072 2036 3148 cadit
2051 3101 2122 3151 ex·
2166 3057 2173 3066 ’

768 3209 823 3266 tra
838 3191 1040 3266 sectionem.

590 3312 667 3374 rin.
677 3307 729 3392 46.
820 3307 984 3380 Secundo
1000 3305 1042 3380 fit
1064 3302 1137 3379 axis
1154 3304 1221 3378 AB
1238 3299 1449 3402 conjugatus
1466 3303 1642 3406 ellipseos,
1670 3322 1707 3377 et
1723 3328 1743 3378 a
1758 3305 1893 3380 vertice
1908 3307 1946 3381 A
1962 3329 2122 3407 ponatur

768 3421 806 3497 in
822 3446 888 3497 axe
913 3421 1007 3496 reeta
1023 3420 1094 3496 Ac
1122 3419 1240 3493 minor
1256 3418 1360 3517 ipsrus
1383 3437 1603 3517 parmeno,
1630 3414 1782 3491 circulus
1805 3418 1908 3507 AIC,
1934 3420 2027 3495 circa
2043 3426 2121 3501 AC
2267 3501 2273 3510 ,

607 3600 611 3607 .
769 3556 941 3637 tanquam
956 3535 1168 3609 diametrum
1184 3532 1391 3636 descriptus,
1408 3535 1454 3608 ad
1478 3532 1642 3633 utrasque
1655 3549 1774 3632 partes
1790 3531 1934 3608 verticis
1952 3537 1989 3610 A
2012 3523 2123 3614 cadet

769 3652 862 3727 intra
874 3651 1038 3750 ellipsim.

644 3840 650 3855 ,
820 3767 876 3844 Sit
889 3765 986 3842 enim
1001 3759 1178 3842 'diameter
1194 3765 1265 3842 Ac
1281 3762 1404 3840 circuli
1420 3761 1534 3864 major
1550 3788 1616 3840 axe
1633 3765 1717 3840 AB.
1754 3763 1918 3840 Ducatur
1934 3767 2027 3841 κᾶι
2040 3768 2129 3843 AD
2238 3757 2241 3762 ’

768 3882 825 3957 axi
842 3883 910 3958 AB
925 3879 1226 3981 perpendicularis
1242 3898 1279 3954 et
1305 3879 1451 3979 aequalis
1471 3879 1576 3979 ipsius
1590 3899 1807 3980 paramento.
1845 3883 1886 3957 In
1903 3883 1978 3957 AD
1994 3882 2122 3958 suma·
2216 3884 2220 3893 ’

769 4018 828 4074 tnr
843 3994 1068 4094 segmentum
1084 3994 1153 4070 AF
1167 3995 1303 4094 aequaie
1327 3996 1500 4073 diametro
1516 3998 1600 4086 AC,
1626 4017 1662 4072 et
1677 3995 1873 4097 jungantur
1898 4000 1980 4088 BD,
1997 3999 2063 4072 CF
2079 4019 2124 4074 et

770 4111 833 4186 nbi
850 4112 1006 4187 invicem
1021 4127 1205 4185 occurrant
1219 4109 1253 4183 in
1268 4112 1398 4210 pundo
1414 4113 1460 4188 E.
1486 4116 1530 4188 In
1548 4115 1612 4189 CF
1634 4112 1789 4190 sumnmr
1802 4114 1978 4214 pandum
1993 4116 2126 4214 qnod-

767 4228 856 4302 libet
872 4227 908 4301 G
925 4226 1014 4300 inter
1025 4226 1069 4314 F,
1082 4225 1128 4314 E,
1146 4244 1184 4300 et
1196 4225 1346 4300 ducatur
1356 4229 1430 4302 GL
1443 4226 1499 4321 axi
1508 4229 1578 4302 AB
1593 4226 1783 4303 ordinatim
1796 4226 1970 4327 applicate
1984 4250 2121 4302 σκυτ-

768 4367 846 4416 rens
862 4341 965 4416 κᾶε
988 4341 1054 4414 BD
1071 4337 1106 4413 in
1122 4340 1179 4426 H,
1196 4363 1315 4416 curvae
1339 4341 1497 4443 ellipseos
1521 4342 1557 4418 in
1573 4343 1621 4433 K,
1639 4342 1696 4423 axi
1712 4343 1750 4424 in
1764 4344 1815 4432 L,
1842 4362 1881 4418 et
1903 4343 2122 4442 peripheriae

769 4456 890 4530 circuli
906 4457 942 4530 in
960 4456 992 4544 1,
1004 4456 1062 4531 M.
1088 4454 1188 4530 Tum
1203 4454 1363 4555 utsupra
1379 4447 1670 4533 demonstrabitur
1684 4460 1813 4560 punstn
1830 4460 1861 4549 1,
1876 4459 1921 4534 M
1937 4460 2004 4533 effe
2021 4458 2123 4535 intra

768 4569 914 4671 diipfim
923 4604 934 4656 ς
959 4590 997 4644 et
1014 4571 1170 4670 proinde¹
1182 4572 1352 4650 circulum
1363 4572 1453 4650 AIC
1467 4573 1515 4648 nd
1530 4573 1693 4676 utrasque
1715 4573 1981 4677 partesvenicis
1997 4576 2038 4649 A
2051 4597 2122 4649 ca-

767 4685 1131 4787 dereintrnelh'piim.
1958 4752 1962 4757 „

1973 4984 1977 4989 ,
2028 4914 2123 4996 eos.
