5184 6600
801 995 922 1118 ”186
1005 990 1308 1164 Sestionumss·
1324 987 1634 1109 Com'corum
1647 992 1933 1112 timi.
1971 998 1990 1004 ”
2024 994 2167 1098 “,“
2198 996 2228 1116 f

854 1251 1116 1361 contingenti,
1143 1269 1183 1333 et
1201 1252 1367 1331 ducatur
1384 1245 1432 1326 ad
1453 1272 1569 1326 axem
1595 1246 1668 1327 AB
1688 1248 1787 1325 reda
1809 1246 1891 1325 PM
1911 1244 1947 1323 ei
1972 1244 2140 1326 ordina·

857 1377 931 1456 tim
953 1376 1168 1483 applicata,
1199 1375 1272 1454 erit
1297 1374 1399 1451 reeta
1420 1368 1491 1450 PE
1521 1370 1679 1481 aequalis
1708 1366 1871 1449 absciffae
1895 1365 1994 1462 BM,
2031 1372 2139 1451 recto

777 1517 784 1534 '
856 1524 947 1579 vero
968 1500 1029 1579 Pe
1052 1498 1208 1610 aequaiis
1229 1491 1398 1576 absciffae
1412 1493 1516 1573 AM.

919 1724 1010 1796 AM
1027 1741 1189 1797 occurrat
1215 1720 1430 1817 contingens
1445 1718 1511 1791 PT
1540 1717 1596 1793 axi
1622 1716 1685 1791 AB
1705 1716 1741 1789 in
1759 1717 1821 1804 T,
1848 1736 1884 1789 et
1907 1716 2058 1790 ducatur
2075 1740 2143 1811 per
2228 1691 2236 1708 ι

935 1857 1098 1912 centrum
1126 1839 1274 1912 o-rena
1289 1839 1365 1928 ΩΟ
1395 1833 1458 1932 ipii
1483 1833 1555 1905 PH
1573 1833 1750 1930 parallelo,
1776 1856 1968 1905 occurrens·
1992 1832 2140 1905 contin-

803 1951 903 2046 genti
922 1950 958 2024 in
976 1954 1038 2049 Q,
1054 1953 1157 2026 redis
1172 1977 1259 2026 veru
1276 1952 1352 2037 BE,
1369 1952 1435 2024 Ae
1460 1949 1496 2021 in
1513 1951 1557 2037 F,
1564 1952 1601 2044 f.
1645 1950 1745 2022 Tum
1764 1948 1829 2020 erit
1847 1951 1920 2023 TO
1942 1949 1988 2021 ad
2002 1949 2072 2021 ΟΒ
2096 1966 2141 2021 ut

804 2066 870 2137 ΟΒ
890 2066 933 2138 nd
948 2067 1044 2153 OM,
1067 2091 1129 2164 per
1155 2067 1261 2166 Prop.
1282 2092 1326 2139 12
1338 2101 1348 2150 ;
1380 2064 1564 2139 etidcirco
1582 2065 1822 2138 eonvertendo
1846 2067 1906 2139 vel
1931 2063 2142 2150 dividendo,

803 2195 845 2261 ut
860 2177 932 2251 TO
951 2179 995 2251 ad
1012 2179 1078 2252 ΤΒ
1103 2180 1151 2252 ita
1168 2183 1233 2254 OB
1260 2181 1305 2253 ad
1330 2182 1422 2253 ΒΜ.
1465 2179 1536 2251 Sed
1553 2199 1594 2251 ut
1611 2181 1685 2252 TO
1705 2178 1833 2273 advTss
1851 2186 1903 2275 (2.
1919 2180 1974 2265 6.)
1992 2179 2040 2251 ita
2061 2179 2164 2276 ΟΩ

805 2291 851 2366 ad
868 2293 936 2390 ΩΒ
948 2327 959 2377 3
988 2313 1023 2365 et
1038 2295 1185 2391 proinde
1204 2310 1283 2384 (ιι.
1301 2295 1355 2389 5.)
1373 2315 1416 2367 ut
1440 2295 1505 2365 ΟΒ
1535 2294 1579 2365 ad
1598 2295 1674 2365 ΒΜ
1693 2293 1740 2367 ita
1756 2294 1895 2392 OQad
1917 2294 1997 2392 ΩΒ.
2039 2292 2144 2387 Ergo

802 2428 867 2502 per
884 2406 988 2504 Prop.
1009 2410 1064 2480 18.
1093 2410 1149 2503 (et
1167 2434 1220 2499 ¹4·
1238 2410 1291 2506 5.)
1308 2411 1374 2483 erit
1389 2410 1466 2481 ΒΜ
1488 2409 1634 2506 aequalis
1651 2408 1715 2507 ipsi
1732 2413 1802 2513 ΩΒ
1824 2410 1884 2482 vel
1898 2423 1975 2506 (34.
1992 2410 2045 2495 ι.)
2061 2408 2141 2482 PE.

804 2520 953 2609 Rursus,
969 2541 1009 2594 ut
1021 2523 1095 2596 OT
1113 2524 1158 2595 ud
1175 2527 1240 2599 OB
1258 2526 1307 2599 ita
1324 2528 1389 2601 ΟΒ
1410 2526 1455 2598 ad
1470 2527 1565 2612 OM,
1585 2545 1622 2597 et
1640 2513 1774 2599 idcirco
1792 2534 1871 2620 (12.
1887 2528 1939 2617 5.)
1951 2542 1991 2595 ut
2008 2521 2080 2596 OT
2094 2520 2144 2594 ad

804 2636 872 2709 OB
894 2634 943 2709 ita
959 2637 1031 2708 AT
1055 2636 1100 2710 ad
1118 2638 1213 2711 AM.
1255 2642 1475 2714 Alternando
1492 2638 1600 2737 igitur
1621 2657 1661 2713 ut
1678 2642 1752 2715 AT
1776 2640 1822 2713 ad
1840 2642 1914 2713 OT
1933 2639 1983 2711 ita
1998 2636 2081 2710 AM
2096 2634 2146 2708 ad

804 2753 884 2827 OB.
911 2752 982 2823 Sed
995 2770 1036 2826 ut
1055 2753 1127 2827 AT
1141 2754 1184 2826 ad
1203 2758 1277 2828 OT
1295 2767 1349 2850 (2.
1365 2756 1418 2843 6.)
1443 2757 1491 2828 ita
1506 2758 1540 2850 f
1550 2757 1650 2848 Qad
1668 2760 1755 2853 ΩΟ,
1773 2775 1809 2827 et
1828 2753 1975 2853 proinde
1993 2759 2070 2847 (11.
2088 2753 2144 2844 5.)

804 2886 846 2941 ut
864 2867 947 2941 AM
963 2868 1008 2941 ad
1024 2868 1090 2941 OB
1110 2868 1158 2942 ita
1171 2873 1206 2965 s
1216 2873 1315 2971 Qad
1328 2855 1415 2972 ΩΟ.
1452 2871 1553 2968 Ergo
1571 2896 1635 2970 per
1651 2872 1759 2971 Prop.
1782 2872 1835 2942 18.
1859 2874 1911 2963 (et
1934 2890 1989 2955 14.
1999 2868 2053 2963 5.)
2071 2862 2143 2937 erit

817 2981 903 3056 AM
920 2982 1066 3080 aequaiis
1083 2981 1146 3081 ipfi
1161 2986 1196 3078 f
1205 2987 1315 3083 ΩνεΙ
1327 2992 1405 3081 (34.
1425 2989 1474 3077 1.)
1491 2986 1583 3059 Pe*
2132 3075 2134 3078 ¹

855 3098 939 3173 Cor.
959 3100 989 3172 l.
1015 3100 1100 3172 Pars
1117 3100 1176 3173 Ee
1201 3100 1290 3175 inter
1306 3102 1490 3200 parallelas
1518 3098 1592 3190 BE,
1610 3105 1673 3175 Ae
1694 3099 1887 3197 intercepta
1912 3097 1976 3170 erit
1993 3093 2145 3193 aequalis

806 3211 929 3310 duplae
946 3211 1118 3287 distantiae
1133 3214 1305 3288 ordinatae
1321 3218 1399 3290 PM
1416 3242 1437 3300 a
1457 3235 1578 3290 centro
1594 3218 1642 3287 O.
1671 3215 1782 3287 'Nam
1811 3213 1847 3286 in
1865 3236 1930 3284 axe
1944 3210 2009 3283 AB
2024 3208 2147 3280 suma-

805 3324 1101 3419 tursegrnentum
1122 3327 1199 3397 ΟΝ
1222 3328 1359 3424 aequale
1378 3326 1441 3427 ipsi
1457 3332 1552 3404 OM.
1589 3331 1691 3401 Tum
1718 3328 1786 3400 erit
1810 3326 2030 3424 segmentum
2055 3323 2146 3396 NM

808 3438 947 3534 equare
960 3436 1024 3535 ipsi
1039 3437 1113 3524 Ee,
1131 3457 1168 3511 et
1182 3440 1330 3535 proinde
1346 3443 1442 3515 reeta
1454 3442 1515 3516 Ee
1530 3440 1676 3538 aequaiis
1692 3440 1811 3537 duplae
1823 3438 1992 3513 distantiae
2010 3436 2107 3543 OM.

697 3628 699 3634 ,
858 3551 941 3624 Cor.
959 3551 1009 3625 11.
1037 3551 1270 3626 Manentibus
1280 3551 1360 3651 jam
1372 3554 1505 3651 positis,
1521 3556 1587 3629 erit
1602 3554 1678 3630 ΕΗ
1692 3556 1736 3628 ad
1747 3554 1831 3627 OM
1843 3572 1883 3625 ut
1899 3553 1972 3625 ΗΒ
1993 3551 2038 3624 ad
2051 3553 2145 3637 Bo,
2192 3555 2193 3558 ’

808 3685 845 3739 et
860 3666 930 3739 eH
947 3664 993 3737 ad
1010 3666 1095 3739 OM
1112 3685 1153 3738 ut
1168 3667 1248 3755 AH
1266 3668 1311 3741 ad
1328 3671 1428 3753 Ao„
1453 3671 1553 3743 Nam
1570 3668 1722 3743 ducatur
1737 3692 1801 3766 per
1816 3685 1979 3739 centrum
2000 3667 2035 3738 O
2047 3666 2148 3738 reeta

809 3783 881 3854 OR
899 3781 1118 3878 contingenti
1136 3783 1318 3870 Parallela,
1345 3783 1408 3884 ipsi
1434 3785 1490 3857 Pe
1508 3783 1544 3856 in
1569 3783 1703 3882 pundo
1730 3781 1768 3852 R
1796 3772 2146 3854 occurrens.·‘³Tum

808 3912 912 3967 erunt
922 3893 1027 3966 renae
1039 3894 1117 3979 PR,
1128 3895 1193 3966 OB
1206 3895 1371 3992 aequales,
1384 3920 1448 3993 per
1459 3919 1531 3969 cor.
1546 3918 1582 3992 3.
1601 3898 1708 3996 Prop.
1724 3920 1734 3970 r
1746 3902 1778 3970 8.
1793 3916 1829 3968 et
1843 3895 1979 3969 idcirco
1994 3916 2145 3994 propter
2218 3987 2221 3997 ‚

624 4087 628 4094 ,
810 4007 962 4105 aequales
980 4007 1054 4093 PE,
1071 4008 1162 4094 ΒΜ,
1179 4008 1246 4082 erit
1260 4008 1329 4080 ER
1349 4007 1413 4106 ipfi
1427 4010 1509 4084 OM
1528 4011 1686 4109 aequalis.
1726 4013 1839 4088 Porro
1859 4029 1900 4083 ut
1918 4009 1993 4082 ΕΗ
2013 4011 2057 4080 ad
2075 4009 2149 4082 ER
2238 4001 2240 4007 ¹

775 4184 776 4187 ,
811 4129 864 4215 (2.
877 4120 933 4215 6.)
951 4121 1083 4193 naun
1101 4122 1146 4194 ad
1164 4124 1253 4209 30,
1278 4142 1314 4195 et
1328 4123 1481 4220 proinde
1498 4133 1552 4217 (7.
1568 4135 1619 4220 ς.)
1637 4145 1677 4197 ut
1690 4095 1764 4199 uir
1783 4125 1828 4197 ad
1842 4126 1925 4196 onr
1944 4124 1993 4195 na
2010 4123 2081 4195 un
2098 4125 2149 4195 au

811 4233 889 4311 ΒΟ.
920 4235 1053 4308 Rursus
1069 4256 1110 4308 ut
1125 4237 1207 4310 OH
1225 4238 1271 4311 ad
1283 4241 1358 4310 ΟΑ
1373 4240 1434 4311 vel
1451 4239 1530 4312 OH
1549 4240 1594 4313 ad
1609 4241 1675 4314 OB
1687 4239 1743 4323 ‚itu
1759 4240 1834 4313 HR
1854 4237 1899 4311 ad
1915 4239 1949 4310 R
1965 4263 1982 4309 e
1996 4246 2047 4333 (α.
2060 4236 2116 4326 6.)
2133 4272 2147 4322 ς

811 4370 846 4422 et
864 4349 899 4422 in
917 4350 1039 4423 eadem
1056 4349 1190 4424 ratione
1208 4351 1257 4425 est
1273 4352 1415 4425 HRnd
1431 4355 1513 4428 ER.
1552 4336 1675 4452 Quire
1692 4352 1773 4426 sunt
1789 4352 1872 4438 ER,
1892 4354 1955 4424 Re
1972 4351 2146 4449 aequales,

811 4453 996 4537 etidcirco
1013 4463 1157 4562 Reipfi
1174 4466 1257 4541 OM
1269 4468 1441 4565 aequalin’
1467 4468 1537 4541 Sed
1551 4478 1596 4538 ut
1613 4467 1684 4539 He
1700 4465 1745 4539 ad
1764 4467 1828 4538 Re
1851 4476 1905 4561 (2.
1925 4463 1981 4555 6.)
1999 4464 2047 4537 ita
2065 4465 2149 4537 AH
2221 4508 2223 4511 -

813 4576 858 4649 ad
871 4577 968 4662 Ao,
992 4596 1030 4651 et
1041 4578 1193 4676 proinde
1208 4601 1249 4653 ut
1264 4582 1333 4655 He
1349 4582 1393 4654 ad
1411 4582 1493 4655 OM
1510 4583 1562 4656 ita
1577 4580 1662 4656 ΑΗ
1676 4582 1720 4654 ad
1734 4583 1819 4654 AO.

966 4874 984 4907 ⁶
1005 4854 1082 4929 Vide
1094 4865 1229 4930 Newtoni
1244 4868 1341 4948 Opera
1355 4871 1443 4932 Turn.
1462 4869 1503 4934 11.
1523 4891 1554 4951 p.
1570 4846 1645 4951 137.
1657 4871 1738 4950 juxta
1753 4872 1831 4935 Edit.
1847 4871 1978 4947 Horsseii·
2035 4822 2038 4829 ¹
