5184 6600
791 983 962 1147 Caput
1004 981 1269 1099 Primum.
1448 977 1490 990 ’”
1607 1024 1726 1149 327
1767 991 1771 1002 ’

389 1271 477 1356 qua
500 1242 705 1325 diametros
735 1239 897 1350 aquales
928 1238 1122 1337 habeant,
1152 1237 1311 1349 aequalia
1328 1256 1439 1319 erunt
1464 1214 1503 1320 et
1534 1241 1612 1350 ipsa
1640 1243 1728 1354 seg.
1797 1258 1799 1262 ·

388 1401 533 1476 menta,
562 1401 601 1463 et
637 1381 824 1490 triangula
857 1384 988 1463 iisdem
1022 1380 1214 1492 inscripta,
1252 1406 1338 1489 quae
1368 1380 1527 1460 eandem
1557 1408 1601 1461 ac
1638 1387 1727 1493 seg-

386 1499 521 1608 rnenta
540 1526 662 1606 basim
680 1522 860 1618 habeant,
889 1523 1126 1631 eandemque
1156 1522 1398 1602 altitudinem
1407 1523 1730 1631 *.-—Qodlibet

388 1664 552 1776 spatium
571 1663 675 1774 quod
694 1664 741 1744 ab
759 1662 994 1771 acutianguli
1012 1666 1101 1745 coni
1119 1663 1282 1743 sectione
1303 1659 1660 1768 comprehenditur,
1682 1665 1730 1743 ad

389 1803 595 1895 circulum,
622 1803 692 1911 qui
710 1803 941 1883 diametrum
968 1802 1108 1885 habeat
1127 1802 1264 1908 majori
1284 1802 1519 1908 acutianguli
1538 1806 1626 1882 coni
1646 1804 1729 1883 sec-

387 1944 503 2023 tionis
529 1942 716 2022 diametro
745 1943 947 2051 aequalem,
975 1944 1136 2024 eandem
1157 1941 1276 2024 habet
1295 1942 1481 2023 rationem
1506 1970 1625 2049 quam
1646 1945 1729 2023 dia-

389 2101 511 2162 meter
532 2081 700 2187 ejusdem
720 2082 847 2162 minor
866 2083 915 2162 ad
933 2083 1134 2189 majorem,
1162 2082 1238 2163 hoc
1256 2082 1325 2174 est,
1356 2083 1402 2161 ad
1421 2084 1554 2163 circuli
1582 2087 1730 2165 diame-

389 2219 789 2328 trum-Qodlibet
805 2221 986 2332 spatium,
1019 2224 1124 2331 quod
1143 2223 1191 2302 ab
1210 2222 1446 2332 acutianguli
1463 2224 1550 2303 coni
1569 2224 1732 2304 sectione
1809 2197 1814 2206 i

389 2358 743 2471 comprehenditur,
772 2361 820 2443 ad
839 2362 1050 2472 quemlibet
1069 2363 1261 2444 circulum
1282 2360 1446 2442 eandem
1471 2360 1588 2442 habet
1614 2365 1732 2442 ratio-
1839 2467 1843 2468 ἦ

390 2527 497 2594 nem,
516 2528 634 2609 quam
650 2503 916 2611 rectangulum
931 2502 1117 2611 quodsub
1131 2501 1266 2579 axibus
1280 2502 1516 2607 acutianguli
1532 2501 1621 2581 coni
1650 2498 1733 2582 sec'·
1845 2527 1846 2530 ‘
1885 2522 1888 2526 ’

388 2640 503 2737 tionis
529 2646 758 2736 continetur,
786 2643 834 2722 ad
857 2643 1104 2750 quadratum,
1138 2639 1245 2747 quod
1263 2666 1285 2717 a
1304 2639 1441 2717 circuli
1459 2639 1645 2719 diametro
1663 2642 1733 2720 de·

390 2779 773 2892 scribitur-Spatia
788 2810 873 2892 quae
889 2785 937 2864 ab
957 2779 1192 2889 acutianguli
1210 2778 1298 2859 coni
1312 2770 1536 2859 sectionibus
1552 2808 1734 2891 compre-

389 2920 628 3016 henduntur,
658 2925 817 3005 eandem
836 2928 934 3005 inter
963 2925 1187 3005 seinvicem
1217 2921 1361 3001 habent
1385 2920 1585 3014 rationem,
1617 2950 1736 3028 quam

391 3060 625 3169 rectangula,
656 3090 742 3170 quae
767 3063 834 3143 sub
855 3064 1090 3173 acutianguli
1109 3064 1198 3143 coni
1216 3062 1428 3141 sectionum
1447 3059 1581 3139 axibus
1606 3065 1735 3151 conti·

353 3189 357 3203 ⁸
392 3201 576 3280 nentur.'’
607 3201 727 3309 Qud
739 3202 851 3281 fimul
867 3224 910 3284 ut
922 3203 1225 3283 demonstratum
1238 3199 1307 3293 est,
1322 3197 1523 3315 confestim
1537 3201 1734 3320 adjungit:

392 3351 424 3390 “
439 3337 503 3417 Ex
518 3335 595 3417 hoc
615 3365 706 3418 vero
722 3340 969 3423 manifestum
982 3341 1051 3435 est,
1074 3369 1159 3451 quae
1179 3340 1297 3449 spatia
1315 3367 1338 3418 a
1356 3337 1542 3418 similibus
1560 3344 1737 3422 acutian-

392 3477 575 3584 gulorum
600 3503 789 3560 conorum
819 3481 1050 3563 sectionibus
1084 3475 1480 3586 comprehenduntur,
1509 3506 1554 3557 ea
1578 3481 1677 3560 inter
1701 3483 1739 3564 se

393 3614 562 3698 invicem
580 3619 741 3701 eandem
752 3620 946 3731 ‘rationem
965 3619 1118 3711 habere,
1148 3647 1268 3727 quam
1283 3617 1428 3698 habent
1444 3620 1626 3727 potestate
1640 3623 1741 3702 inter

394 3754 431 3835 se
446 3756 611 3836 invicem
624 3758 892 3868 respondentes
904 3762 1114 3843 sectionum
1128 3758 1546 3864 diaoretri.''-Neque
1561 3759 1742 3841 homines
1813 3758 1816 3765 ¹

313 3886 316 3891 ’
394 3891 691 3974 mathematicos
719 3894 835 4004 fugit,
865 3924 984 4004 quam
1010 3897 1056 3975 fit
1083 3894 1123 3975 in
1143 3893 1245 3976 hisce
1271 3894 1570 3976 demonstrandis
1592 3897 1739 3978 Archi-

394 4032 519 4113 medis
544 4032 750 4114 methodus
764 4037 937 4144 apprime
959 4036 1159 4116 laudabilis
1172 4073 1185 4129 3
1216 4038 1340 4118 immo
1363 4056 1402 4117 et
1431 4039 1662 4117 recentiores
1693 4039 1743 4118 iis

394 4173 512 4254 etiam
542 4171 745 4282 ipsrflimis,
778 4176 839 4256 vel
867 4176 1003 4258 leviter
1030 4177 1245 4259 immutatis
1275 4177 1423 4272 saltem,—
1456 4181 1513 4258 uti
1545 4181 1741 4288 comperi-

398 4337 502 4394 mus.

442 4652 458 4681 ⁸
482 4643 557 4703 Vide
573 4647 754 4706 Archimedis
777 4649 886 4725 Opera,
908 4667 940 4727 p.
957 4647 1027 4727 264.
1048 4646 1097 4706 ubi
1117 4645 1208 4706 stadm
1221 4645 1383 4723 subjicitur;
1411 4654 1434 4681 “
1448 4646 1627 4709 Diametrunr
1648 4669 1742 4713 autem

400 4769 473 4811 voco
487 4749 675 4830 cujuscunque
688 4729 825 4830 segmenti
838 4757 943 4813 rectam
957 4753 1075 4823 lineam,
1095 4771 1157 4833 quae
1171 4755 1259 4813 κᾶν
1272 4773 1370 4814 omnes
1383 4752 1441 4813 bafi
1454 4752 1537 4833 ipsius
1550 4759 1700 4834 parallelas
1713 4760 1743 4819 in

399 4856 468 4916 duas
483 4875 575 4935 aeqoas
590 4874 684 4935 partes
698 4856 936 4918 secet.'’-Valet
949 4859 1022 4918 illud
1034 4865 1057 4892 “
1070 4859 1100 4917 Si
1115 4859 1151 4917 ab
1166 4860 1323 4938 recianguli
1339 4858 1400 4919 coni
1414 4857 1533 4919 sectione
1546 4860 1688 4938 segmenta
1701 4862 1743 4920 se·

404 4962 539 5030 centor,”
570 4981 631 5039 quae
653 4982 688 5020 ex
710 4963 844 5023 Verfione
868 4965 1034 5024 Torellianri
1057 4964 1448 5044 desumpsimus-parabole
1470 4965 1526 5025 duo
1549 4966 1653 5045 quevis
1679 4966 1744 5048 seg·

402 5082 585 5140 menta-ut
599 5084 628 5128 et
638 5087 708 5130 mox
720 5077 742 5108 “
758 5068 961 5150 ammngntw
975 5076 1028 5132 &o
1042 5069 1164 5150 eclipseos.
1205 5069 1282 5133 Vide
1292 5070 1367 5130 infra
1378 5089 1409 5149 p.
1423 5089 1493 5150 329.

1602 5178 1745 5286 Qoad
1804 5255 1808 5262 ,
