5184 6600
890 1033 1062 1195 Caput
1104 1022 1357 1146 iirtt’um.
1655 1032 1772 1185 363

432 1290 643 1403 “Speculo
661 1289 858 1382 Ustorio,'’
880 1288 1172 1397 primumquod
1192 1286 1282 1378 scio,
1302 1287 1350 1367 de
1369 1281 1447 1366 foci
1465 1280 1580 1390 hujus
1599 1283 1773 1367 affedlio-
1839 1335 1928 1379 00000

431 1433 546 1515 nibus
580 1432 720 1540 agitur.
770 1432 830 1509 Ita
857 1430 964 1510 enim
995 1427 1114 1507 libelli
1146 1425 1314 1532 hujusce·
1337 1427 1578 1506 Audtor-“
1600 1427 1639 1506 Si
1675 1431 1775 1507 reeta

431 1573 630 1679 contingat
660 1568 900 1662 Parabolam,
937 1586 1026 1649 eta
1062 1569 1208 1677 pune‘to
1240 1569 1439 1647 contaetus
1470 1565 1658 1645 ducantur
1691 1565 1774 1645 duae

432 1714 557 1802 redtae,
587 1709 703 1789 altera
733 1708 890 1817 quidem
908 1708 970 1787 axi
999 1704 1187 1816 parallelo,
1216 1703 1336 1785 altera
1360 1731 1451 1783 vero
1473 1700 1527 1783 ad
1534 1704 1684 1806 focum,
1713 1701 1775 1783 hae
1945 1703 1949 1706 ’

432 1848 556 1928 duoae
593 1875 686 1927 cum
722 1848 969 1954 contingente
1012 1845 1338 1955 comprehendent
1373 1843 1531 1951 angulos
1570 1842 1773 1950 aequales.”

433 1987 543 2095 Qin
562 2004 601 2065 et
620 1985 692 2064 alia
713 1985 817 2093 apud
834 1984 1002 2067 eundem
1025 2002 1157 2065 extant
1180 1986 1227 2066 ad
1251 1985 1384 2067 focum
1404 1984 1512 2065 hunc
1530 1985 1773 2094 pertinentia,

329 2144 332 2151 ’
429 2128 471 2204 in
509 2153 596 2233 quae
630 2122 781 2205 fortasse
814 2124 963 2219 incidit,
992 2125 1088 2205 dum
1124 2121 1356 2205 methodum
1387 2098 1632 2230 excogitaret,
1660 2121 1774 2228 juxta

430 2289 553 2370 quam
568 2263 778 2370 Speculum
796 2260 1049 2343 conficeretur
1058 2261 1107 2342 ad
1122 2262 1313 2344 Parabolae
1332 2281 1572 2342 curvaturam
1585 2263 1773 2342 effictum.

434 2401 578 2480 Saltem
597 2398 691 2481 illud
710 2421 817 2481 extra
836 2402 997 2482 dubium
1015 2402 1085 2494 est,
1110 2402 1158 2480 de
1167 2399 1259 2508 foci
1273 2399 1493 2481 Parabolici
1509 2398 1773 2481 affectionibus
1827 2376 1831 2383 ’

429 2538 650 2646 diligentius
682 2541 842 2619 omnino
881 2540 1084 2648 quaesrtum
1122 2537 1244 2630 fuisse,
1274 2539 1443 2619 eumad
1473 2542 1774 2647 promovendam

433 2676 654 2785 Opticorum
671 2677 884 2758 doctrinam
919 2679 1041 2788 magis
1071 2677 1108 2761 se
1137 2678 1372 2759 accinxerint
1402 2677 1443 2771 ii,
1473 2679 1545 2786 qui
1574 2678 1616 2758 in
1642 2679 1772 2759 studiis

382 2851 389 2866 ·
432 2816 725 2900 Mathematicis
744 2816 881 2908 ¹versati
899 2817 1000 2901 sunt.

494 2959 558 3038 Eo
599 2958 680 3066 ipso
719 2956 904 3037 nimirum
933 2957 1091 3039 confilio
1122 2960 1236 3066 Opus
1269 2954 1383 3037 suum
1405 2957 1453 3035 de
1482 2955 1640 3037 Conicis
1675 2981 1773 3038 con-

430 3095 525 3177 fecit
552 3096 859 3187 Mxooxoros,
895 3098 966 3206 qui
993 3116 1034 3179 et
1060 3098 1209 3208 primus
1243 3095 1298 3175 ibi
1331 3122 1488 3206 quoque
1526 3095 1574 3176 de
1596 3097 1701 3205 streis
1733 3097 1775 3178 in

432 3235 652 3318 universum
678 3235 863 3354 loquitur,
892 3236 940 3316 de
967 3237 1014 3319 iis
1033 3238 1218 3320 nimirum
1238 3239 1308 3349 qui
1334 3239 1381 3320 ad
1400 3237 1563 3349 lingulas
1578 3227 1773 3323 'Sectiones

326 3472 329 3483 Ι
432 3377 640 3484 pertinent,
668 3401 765 3483 quos
784 3392 825 3455 et
843 3401 944 3456 novo
963 3394 1009 3457 ut
1033 3397 1120 3460 tum
1138 3399 1218 3462 erat
1236 3383 1407 3473 nomine,
1436 3379 1621 3463 umbilicos
1639 3378 1773 3492 appel·

431 3513 501 3596 lat.
551 3516 615 3595 De
641 3513 702 3595 his
730 3534 876 3609 autem,
907 3520 1038 3626 quoad
1053 3520 1228 3630 Ellipseos
1244 3537 1285 3601 et
1304 3518 1526 3631 Hyperbolae
1539 3521 1649 3629 socos
1676 3518 1775 3601 nihil

430 3650 565 3747 habet,
606 3655 712 3767 quod
749 3655 940 3738 indicum
974 3658 1080 3766 prius
1117 3659 1187 3750 est,
1221 3675 1287 3738 aut
1315 3677 1425 3739 antea
1451 3687 1531 3740 non
1558 3660 1775 3768 cognitum.

432 3794 596 3874 Easdem
631 3822 768 3875 eorum
805 3795 1026 3876 affectiones
1067 3795 1342 3876 demonstravit
1379 3823 1465 3905 quae
1500 3813 1540 3875 et
1576 3813 1707 3896 autea,
1725 3795 1774 3875 ab

432 3929 643 4041 Apollonio
677 3932 855 4040 expofitae
891 3932 1055 4026 fuerant,
1092 3934 1244 4016 brevius
1273 3931 1432 4043 quidem
1460 3933 1507 4013 de
1534 3934 1580 4013 iis
1629 3960 1775 4045 ponens

426 4071 560 4152 omnia
592 4088 631 4150 et
669 4069 842 4180 preffius,
872 4072 934 4151 sed
963 4074 1015 4151 ita
1044 4090 1172 4156 tamen
1199 4093 1243 4156 ut
1271 4074 1439 4155 dubitari
1469 4072 1597 4183 poffit,
1639 4094 1774 4156 utrum

433 4212 632 4321 Apollonii
651 4213 958 4320 perspicuitatem
979 4211 1066 4302 satis
1086 4212 1355 4318 adaequaverit.
1402 4212 1464 4292 De
1483 4209 1774 4322 Parabolaesoco

433 4352 573 4429 interea
601 4350 774 4460 copiosus
803 4349 858 4430 est
886 4369 926 4429 et
954 4350 1095 4458 largus,
1126 4368 1167 4430 et
1196 4350 1321 4431 multa
1348 4351 1478 4432 attulit
1505 4379 1592 4461 quae
1620 4369 1776 4461 propter

432 4491 644 4568 novitatem
661 4517 809 4581 eorum,
829 4508 947 4597 atque
963 4492 1081 4570 etiam
1108 4491 1318 4571 utilitatem
1337 4491 1470 4599 magni
1490 4493 1649 4572 omnino
1675 4490 1775 4572 aesti·

316 4663 322 4673 ¹
432 4625 572 4709 manda
589 4626 661 4734 effe
679 4626 897 4710 videnturs
1338 4738 1342 4747 .

488 4766 590 4845 Eam
604 4767 650 4847 de
669 4770 746 4875 qua
763 4768 960 4876 loquimur
978 4768 1203 4866 doctrinam,
1223 4771 1399 4878 proxime
1419 4770 1504 4880 post
1523 4769 1777 4881 Mydorgium

419 4905 609 5001 tractavit
642 4907 917 4989 Gxaoomus
947 4938 972 4988 a
1001 4910 1135 4991 sanato
1155 4909 1358 5008 Wncentio,
1389 4914 1458 5020 qui
1488 4930 1527 4992 et
1565 4911 1776 4993 infinibus

1021 5053 1147 5139 222
1695 5080 1777 5161 qm
