5184 6600
794 987 796 991 2
821 956 942 1075 344
1000 918 1099 1038 De
1123 909 1415 1032 SeHibnum
1442 909 1750 1030 Conicarum
1775 908 2073 1058 Domina,

658 1193 699 1235 ⁸⁸
720 1195 762 1236 Η
817 1173 1014 1284 principiis
1027 1176 1192 1256 derivata
1205 1188 1332 1263 erant3
1353 1172 1404 1250 ita
1417 1188 1558 1261 tamen,
1575 1188 1620 1251 ut
1631 1198 1680 1250 ex
1691 1170 1735 1250 iis
1753 1168 1961 1250 innotescat
1975 1164 2168 1261 maxime,

665 1275 686 1315 Η
713 1276 753 1316 u
818 1304 904 1420 que
922 1313 1106 1420 posterius
1124 1311 1174 1391 ab
1192 1337 1238 1389 co
1254 1309 1479 1388 concinnata
1503 1326 1625 1399 erant,
1653 1326 1692 1388 et
1718 1335 1804 1415 quae
1829 1307 1871 1386 in
1900 1334 2039 1388 novem
2058 1336 2167 1418 quo·

816 1479 892 1560 que
911 1451 1027 1533 libros
1046 1453 1205 1561 partitus
1223 1449 1294 1529 est.
1327 1448 1486 1555 Ubique
1503 1445 1587 1529 haec
1605 1466 1646 1528 et
1662 1473 1846 1555 magnam
1864 1446 2067 1556 Scriptoris
2096 1450 2166 1527 in·

815 1589 1013 1683 dustriam,
1040 1609 1079 1670 et
1097 1591 1293 1682 eximiam,
1323 1616 1409 1697 quae
1427 1588 1463 1667 ei
1481 1590 1615 1679 inerat,
1644 1587 1830 1667 solertiam
1850 1584 1935 1666 satis
1962 1587 2164 1669 testantur.

817 1729 904 1809 Suae
916 1731 1031 1838 ipfiur
1041 1748 1175 1809 tamen
1187 1726 1338 1810 sortaffe
1349 1726 1474 1822 farnae,
1486 1727 1572 1838 plus
1588 1753 1707 1837 quarn
1716 1728 1881 1809 aliorum
1894 1728 2165 1807 commoditati

817 1855 1014 1951 inserviit(
1043 1872 1107 1949 De
1136 1869 1332 1979 principiis
1349 1869 1454 1948 enim
1471 1864 1665 1974 cogitabat
1685 1868 1750 1958 ita,
1774 1865 1995 1975 pauciffima
2011 1865 2165 1974 semper

816 2008 989 2090 adhiberi
1006 2027 1195 2119 oportere,
1224 2009 1320 2090 dum
1351 2025 1481 2088 tamen
1508 2031 1557 2086 ex
1585 2006 1631 2085 iis
1656 2004 1825 2085 maxima
1844 2003 2166 2084 consectariorum

817 2147 1048 2229 abundantia
1073 2150 1273 2258 provenire
1294 2147 1439 2259 pollet:
1469 2164 1510 2226 et
1535 2144 1585 2226 ad
1603 2171 1779 2226 normam
1793 2144 1906 2225 ‘hanc
1932 2170 2029 2252 opus
2048 2145 2164 2225 suum

682 2334 688 2339 -
816 2287 976 2366 omnino
999 2287 1175 2381 absolvit,
1202 2285 1301 2367 nihil
1337 2303 1383 2366 ut
1412 2284 1562 2367 videtur
1597 2280 1645 2360 de
1673 2306 1720 2364 eo
1749 2280 1931 2373 solicitus,
1971 2281 2165 2360 tironibus

819 2424 885 2506 virt
923 2422 1029 2503 utilia
1061 2422 1134 2502 effe
1170 2421 1249 2514 illa,
1295 2448 1383 2529 quae
1419 2439 1465 2502 ut
1500 2419 1776 2530 intelligantur,
1811 2419 2058 2516 exercitatum
2095 2423 2164 2502 in-

816 2563 975 2668 genium
991 2579 1029 2640 et
1048 2561 1238 2643 summam
1257 2585 1414 2670 quoque
1432 2557 1661 2640 discentium
1679 2555 1901 2640 industriam
1919 2557 1996 2638 sere
2014 2558 2166 2668 semper

816 2701 1042 2808 exposcunt.

879 2836 1035 2919 Primus
1063 2863 1112 2918 ex
1141 2861 1281 2917 novem
1310 2835 1371 2925 iis,
1406 2859 1503 2941 quos
1533 2833 1651 2916 modo
1681 2835 1891 2928 innuimus,
1920 2835 2026 2919 libris
2059 2836 2165 2918 circa

816 2972 1080 3058 harmonicam
1116 2974 1302 3055 linearum
1334 2972 1560 3054 divisionem
1593 2991 1699 3056 totus
1719 2975 1912 3068 xversatur,
1953 2992 2072 3085 prout
2102 2975 2165 3054 vel

809 3113 924 3218 juxta
953 3115 1056 3200 datas
1087 3113 1268 3223 quasdam
1299 3113 1463 3194 rationes
1489 3113 1596 3195 setta
1617 3114 1776 3208 suerint,
1804 3117 1865 3194 vel
1882 3142 1905 3194 a
1923 3114 2163 3209 seinvicem,
2260 3172 2263 3178 ·

816 3248 877 3329 vel
895 3250 963 3330 ubi
981 3251 1051 3333 srbi
1070 3249 1238 3334 invicem
1262 3265 1465 3333 occurrant
1489 3269 1529 3331 et
1546 3251 1681 3335 circuli
1698 3250 2003 3333 circumferentia
2031 3253 2164 3362 postea

816 3390 1005 3478 secantur.
1054 3389 1133 3495 Qu·
1146 3389 1387 3496 subsequitur
1399 3388 1536 3483 Liber,
1553 3391 1600 3471 de
1620 3394 1732 3475 Cono
1750 3392 1906 3503 ejusque
1921 3392 2162 3476 Senioribus

816 3528 909 3635 agit,
940 3554 1102 3634 quarum
1121 3527 1303 3635 generalis
1323 3525 1391 3607 ista
1409 3544 1448 3606 et
1471 3527 1703 3613 admirabilis
1727 3531 1880 3613 affectio
1909 3534 1949 3612 in
1981 3533 2163 3643 Proposi-

816 3665 921 3748 tione
939 3682 1073 3776 quarta
1089 3662 1379 3748 demonstratur.
1426 3679 1456 3722 ‘¹
1475 3666 1525 3750 ln
1541 3670 1652 3752 omni
1674 3672 1836 3757 scaone
1854 3671 2002 3764 conica,
2029 3673 2091 3751 vel
2121 3674 2163 3752 in

815 3801 1041 3890 sectionibus
1058 3801 1256 3912 opposuis,
1275 3802 1340 3888 vel
1357 3805 1457 3887 inter
1471 3805 1650 3891 sectiones
1664 3813 1871 3923 oppofitas,
1899 3835 2032 3895 omnes
2052 3811 2164 3890 recta

815 3944 916 4027 inter
943 3943 980 4023 se
1008 3941 1192 4051 parallelae
1220 3960 1420 4054 utcunque
1443 3946 1582 4044 dueta,
1609 3970 1652 4032 et
1679 3953 1859 4061 utrinque
1886 3950 2097 4030 terminatae
2113 3949 2162 4029 ad

816 4082 1035 4175 sectionem,
1064 4083 1130 4163 vel
1160 4083 1207 4162 ad
1239 4083 1420 4165 sestionea
1447 4088 1654 4199 oppofitaa,
1682 4090 1858 4172 bifariam
1885 4088 2111 4168 dividuntur
2141 4087 2164 4169 la

775 4281 777 4284 .
813 4224 916 4301 resta
929 4222 1027 4301 linea
1041 4250 1127 4336 qua
1140 4240 1297 4304 vocatur
1311 4223 1492 4309 dimeter
1509 4226 1684 4311 sectionis
1696 4227 1837 4309 harum
1853 4225 2161 4338 paralklarums’

816 4360 879 4441 De
890 4387 965 4468 qua
985 4387 1024 4446 re
1036 4379 1079 4440 et
1093 4357 1242 4441 ‘Auctor
1252 4360 1344 4470 ipse,
1361 4363 1584 4471 gravissimis
1596 4367 1698 4449 hisce
1715 4367 1941 4449 verbis-“
1955 4366 2163 4448 Lestorem

813 4518 1049 4604 geometram
1069 4499 1136 4581 hle
1155 4502 1398 4587 admonitum
1415 4504 1488 4590 effe
1503 4507 1606 4602 volo,
1625 4524 1755 4591 totum
1771 4505 1848 4590 hoc
1866 4533 1965 4617 opus
1976 4508 2164 4589 conicum

811 4634 906 4724 huic
925 4638 1037 4724 inniti
1054 4628 1347 4758 propositioni.”
1444 4721 1446 4727 .

2071 4930 2163 5034 Jam
