5184 6600
779 1002 897 1121 172.
1000 960 1290 1086 cambum
1318 903 1627 1083 Coaicaram
1670 962 1753 1099 Lr
1768 999 1816 1081 n.
1846 969 1920 1086 V.
1995 1119 2004 1131 ἱ

858 1215 932 1290 AT
943 1213 1036 1405 iffi
1049 1240 1095 1291 ex
1111 1215 1219 1314 Prop.
1233 1236 1268 1313 3.
1294 1213 1380 1290 Lib.
1398 1236 1446 1301 aa
1471 1213 1579 1314 Prop.
1597 1237 1633 1306 4„
1660 1214 1747 1289 Lib.
1767 1237 1813 1312 3³
1831 1232 1868 1291 et
1884 1214 1991 1313 Prop.
2013 1159 2047 1313 9.
2070 1230 2112 1290 et
2209 1213 2218 1216 ’

880 1351 936 1405 ra.
999 1353 1105 1423 1.4.
1186 1360 1190 1367 ·
1532 1385 1539 1398 .

1247 1598 1347 1682 PR
1377 1596 1494 1682 ΟΡ.
1553 1601 1629 1682 ΙΙΙ.

778 1820 903 1900 Recta
922 1847 990 1930 per
1008 1820 1198 1904 verticem
1227 1820 1412 1904 diametri
1441 1818 1618 1901 sectionis
1645 1787 1791 1898 conicae
1819 1816 1951 1909 dueta,
1986 1833 2027 1897 et
2045 1841 2115 1896 or·

840 1942 981 2026 dinaris
1000 1945 1084 2051 ejus
1101 1943 1296 2055 parallela,
1320 1943 1532 2053 ‘continget
1550 1940 1774 2022 sectionem.

864 2196 1225 2275 ATETexcor.r.
1251 2198 1407 2295 Prop.3.
1435 2195 1589 2283 Libra
1616 2216 1744 2268 conr.
1771 2191 1933 2291 Prop.4.
1959 2192 2112 2286 Lib.3;

851 2402 855 2405 ‚
877 2315 961 2388 Cor.
982 2338 1013 2387 r.
1031 2315 1147 2411 Prop.
1168 2338 1202 2411 9.
1228 2313 1313 2386 Lib.
1331 2338 1366 2402 4.
1517 2397 1518 2400 Ἴ

828 2427 911 2501 Cor.
961 2427 1066 2518 Patet
1090 2426 1190 2522 quod
1214 2426 1321 2514 recta,
1346 2418 1452 2498 ducta
1472 2446 1536 2521 per
1551 2423 1722 2497 verticem
1744 2422 1824 2496 axis'
1837 2421 1997 2497 feftionis
2013 2422 2114 2496 coni·

780 2565 845 2630 car,
871 2543 903 2615 ei
922 2540 1230 2640 perpendicularis,
1255 2540 1438 2637 continget
1454 2538 1653 2614 sectionem
1692 2538 1839 2623 Contra,
1858 2537 1882 2610 fr
1899 2536 1993 2610 recta
2007 2536 2117 2609 ducta

778 2681 843 2757 per
858 2657 1025 2730 verticem
1043 2655 1115 2739 artis
1131 2655 1290 2737 fectionis
1307 2654 1442 2730 conicae
1457 2653 1642 2753 contingat
1655 2652 1858 2738 fedionenr,
1876 2651 1943 2725 erit
1955 2651 2015 2724 axi
2031 2669 2116 2750 per·
2226 2653 2228 2657 ’

779 2770 1025 2880 pendicuiaris.

1271 2972 1372 3055 PR
1402 2975 1441 3056 0
1471 2973 1504 3055 Ρ
1580 2974 1657 3054 IV.

780 3194 823 3277 Si
842 3198 944 3277 retia
961 3192 1170 3276 sectionem
1188 3193 1370 3276 conicam
1388 3191 1610 3304 contingat,
1639 3192 1829 3275 diameter
1857 3217 1927 3302 per
1952 3209 2119 3275 contac·'

840 3313 929 3400 tom
948 3320 1064 3399 ducta
1083 3316 1264 3399 bifariam
1284 3314 1431 3399 secabit
1444 3343 1607 3398 omnem
1623 3320 1767 3399 rectam
1787 3315 1908 3399 carrd
1927 3316 2120 3400 termina·

842 3457 925 3522 tam
940 3458 981 3521 et
999 3440 1248 3550 contingenti
1267 3438 1508 3548 parallelam.

871 3693 907 3770 0
920 3692 959 3766 N
969 3692 1032 3793 TI
1045 3692 1084 3766 N
1099 3693 1221 3769 GAT
1236 3691 1333 3766 resta
1349 3693 1411 3766 CB
1428 3688 1622 3768 sectionem
1636 3691 1799 3767 conicam
1813 3692 1918 3776 ACE
1934 3691 1971 3766 in
1984 3694 2120 3791 pundo

897 3804 951 3892 C;
977 3794 1150 3879 diameter
1164 3805 1228 3878 CF
1245 3802 1407 3878 bifariam
1429 3800 1562 3880 secabit
1578 3805 1712 3880 reftam
1730 3806 1801 3879 ΑΕ
1818 3808 2037 3905 contingenti
2054 3810 2120 3886 CB

782 3921 988 4020 parallelam
1004 3938 1040 3993 et
1055 3917 1165 3993 curvi
1179 3916 1338 3992 festionis
1355 3915 1392 3991 in
1408 3918 1548 4017 pondis
1564 3923 1616 4007 A,
1633 3921 1677 4007 E,
1704 3921 1942 3994 terminatam.

834 4034 1010 4108 Occurrat
1025 4031 1196 4108 diameter
1213 4032 1276 4106 CF
1293 4031 1400 4106 reftae
1417 4029 1487 4105 ΑΕ
1504 4031 1540 4105 in
1555 4033 1599 4121 F,
1618 4051 1655 4108 et
1670 4032 1695 4106 fr
1711 4033 1784 4107 AE
1800 4057 1871 4108 non
1887 4032 2049 4111 bifariam
2064 4035 2122 4113 se·

785 4166 885 4222 catur
899 4144 937 4220 in
953 4146 997 4234 F,
1009 4205 1011 4208 .
1024 4143 1185 4220 bifariam
1202 4144 1338 4222 fecetur
1355 4145 1393 4219 in
1409 4146 1460 4234 D,
1481 4164 1520 4220 et
1535 4147 1684 4222 ducatur
1699 4145 1781 4223 CD.
1821 4150 1858 4221 T
1861 4171 1925 4221 urn
1940 4150 2035 4224 retia
2051 4150 2122 4226 CD

784 4259 946 4336 bifariam
963 4259 1092 4335 secabit
1107 4283 1255 4335 omnem
1272 4260 1404 4335 rectam
1421 4258 1528 4332 curvi
1543 4259 1769 4334 terminatam
1785 4277 1821 4333 et
1835 4260 1939 4335 reftis
1956 4262 2040 4352 ΑΕ,
2057 4264 2120 4338 CB

752 4468 753 4471 Ἴ
784 4373 1001 4475 parallelam,
1015 4399 1080 4474 per
1092 4378 1197 4473 Prop.
1210 4393 1270 4470 30.
1284 4374 1368 4448 Lib.
1382 4394 1418 4448 t.
1435 4390 1472 4446 et
1488 4371 1637 4472 proinde
1648 4396 1712 4471 per
1726 4375 1832 4471 Prop.
1851 4397 1881 4447 ι.
1896 4373 1962 4448 erit
1979 4375 2120 4450 diame-

783 4507 849 4573 ter.
877 4490 1001 4586 Qtare
1012 4476 1094 4562 duae
1105 4485 1267 4561 diametri
1281 4487 1358 4576 CF,
1370 4489 1439 4564 CD
1452 4486 1485 4562 fe
1496 4504 1625 4562 mutuo
1641 4486 1758 4562 secant
1771 4488 1806 4562 in
1820 4488 1929 4563 curvi
1938 4487 2122 4581 sectionim

785 4596 886 4699 qood
902 4596 951 4672 cst
967 4598 1167 4674 absurdum.
1208 4601 1308 4702 Ergo
1325 4601 1494 4679 diameter
1509 4602 1573 4678 CF
1591 4597 1753 4680 bifariam
1769 4598 1863 4678 secat
1878 4602 1950 4690 ΑΕ
1968 4603 2003 4678 in
2019 4604 2062 4680 F.

1919 4838 2117 4997 anon
