5184 6600
935 920 1034 1050 De
1076 911 1367 1034 parabola.
1740 950 1822 1082 35

477 1137 733 1236 redangulumt
749 1160 843 1210 vero.
858 1133 919 1210 sub
946 1135 1093 1211 abscidi.
1111 1139 1176 1231 BG
1194 1158 1230 1212 et
1254 1139 1284 1211 P
1301 1138 1471 1237 quadrato
1489 1161 1532 1210 ex
1555 1137 1716 1213 ordinati
1739 1141 1825 1212 HG

478 1254 618 1351 aequale
634 1254 714 1328 effe.

530 1367 713 1466 Quoniam
729 1364 778 1438 est
794 1367 887 1439 reeta
905 1367 1055 1440 Paetus
1073 1368 1133 1440 BF
1135 1367 1147 1453 ᾖ
1172 1367 1204 1438 F
1206 1367 1237 1440 E
1257 1363 1362 1441 tertia
1377 1367 1660 1465 proportionalis,
1679 1366 1817 1440 restan-

476 1482 608 1579 gulum
626 1479 689 1552 sub
706 1479 848 1553 absciffa
863 1482 924 1554 BF
939 1499 977 1554 et
990 1501 1191 1579 ,parametro
1209 1484 1239 1553 P
1256 1488 1334 1575 (17.
1354 1484 1407 1572 6.)
1423 1482 1595 1580 quadrato
1615 1505 1659 1553 ex
1675 1482 1820 1554 ordina·
1878 1463 1884 1471 ¹

478 1613 517 1666 ta
534 1596 563 1666 F
565 1596 597 1667 E
613 1593 663 1666 est
674 1595 825 1691 aequale.
865 1593 1093 1693 Rursus,pet
1109 1598 1199 1669 Cor.
1218 1620 1248 1669 1.
1275 1596 1383 1695 Prop.
1405 1621 1460 1671 10.
1486 1618 1527 1669 ut
1543 1595 1685 1669 absciffa
1701 1597 1761 1668 BF
1774 1595 1829 1667 ad·
1969 1603 1974 1615 ’

477 1706 660 1781 absciffam
681 1709 746 1781 BG
763 1708 811 1779 ita
835 1709 1047 1804 quadratum
1063 1734 1107 1781 ex
1125 1710 1188 1783 FE
1212 1711 1258 1782 ad
1283 1713 1497 1808 quadratum
1516 1736 1560 1784 ex
1577 1712 1667 1785 GH.
1719 1714 1821 1808 Qa-

476 1842 624 1921 ptopter
639 1823 733 1894 retia
751 1823 779 1893 Ρ
796 1822 898 1894 retiis
917 1846 1062 1919 quoque
1083 1824 1162 1909 BG,
1189 1825 1268 1897 GH
1286 1827 1387 1898 tertia
1402 1827 1675 1926 proportionalis
1693 1825 1741 1898 est
1756 1850 1820 1923 per

475 1937 633 2009 Lemma
659 1934 887 2034 praecedens3
918 1954 955 2008 et
982 1936 1132 2034 proinde
1155 1945 1236 2032 (17.
1255 1941 1310 2035 6.)
1328 1942 1572 2039 reitangulum
1595 1940 1659 2013 sub
1676 1938 1825 2013 absciffa'

478 2050 545 2123 BG
563 2069 599 2123 et
612 2068 813 2148 parametro
830 2050 873 2135 P,
899 2050 1071 2147 quadrato
1089 2054 1310 2126 exordinata
1326 2057 1404 2167 (ΞΗ
1421 2055 1603 2154 aequale!
1630 2055 1735 2151 Qu.
1750 2056 1800 2128 D.
1881 2139 1882 2143 Ἰ

529 2165 613 2238 Cor.
640 2166 670 2237 Ι.
697 2165 930 2249 Manentibus
942 2162 1020 2260 jam
1037 2166 1170 2263 pofitis,
1197 2167 1221 2239 si
1240 2169 1390 2242 redtaBI
1408 2169 1617 2268 parabolam
1636 2169 1671 2242 in
1685 2167 1828 2241 vertice·
1903 2196 1907 2202 “

475 2283 508 2357 Β
527 2282 746 2380 contingens,
758 2280 941 2355 diametris
955 2281 1137 2380 productis
1153 2301 1316 2356 occurrat
1328 2282 1364 2354 in
1375 2284 1514 2381 punitis
1533 2284 1610 2371 1,1t
1622 2300 1657 2355 et
1669 2282 1819 2357 vertices

476 2397 734 2470 diametrorum
751 2394 817 2469 fint
833 2396 881 2483 E,
903 2396 958 2483 H,
976 2396 1190 2495 quadratum
1206 2421 1251 2469 ex
1267 2395 1451 2495 segmento
1467 2398 1513 2470 BI
1531 2399 1738 2494 restangulo
1754 2396 1819 2471 sub

475 2512 533 2585 lE
546 2531 583 2585 et
597 2532 809 2610 parametro*
822 2513 870 2600 P,
893 2513 1107 2612 quadratum
1127 2531 1246 2588 autem
1264 2537 1309 2585 ex
1326 2510 1512 2614 segmento
1528 2514 1593 2613 ΒΚ
1614 2513 1832 2610 rediangulm

476 2624 545 2699 sub
560 2628 637 2699 KH
665 2648 701 2699 et
727 2646 928 2726 parametro
951 2627 997 2714 P,
1020 2630 1156 2725 aequale
1176 2630 1253 2703 erit.
1280 2648 1283 2657 '
1306 2630 1532 2729 Contingens
1551 2630 1648 2702 enim
1672 2630 1731 2716 ΒΙ,
1756 2652 1825 2725 peu

478 2740 566 2813 Cot.
589 2765 620 2815 1.
649 2744 754 2839 Prop.
779 2765 817 2837 3.
844 2741 895 2815 est
909 2742 1078 2815 ordinatis
1094 2745 1172 2830 FE,
1199 2746 1278 2818 GH
1294 2746 1477 2843 parallela.
1527 2748 1620 2817 Sunt
1638 2744 1746 2818 etiam
1763 2742 1825 2815 in-

476 2873 534 2927 ter
549 2852 582 2926 se
597 2857 777 2954 parallelae
805 2857 970 2930 diametri
987 2856 1051 2944 ΙΕ,
1069 2859 1143 2946 BF,
1161 2860 1262 2941 KH;
1294 2877 1331 2930 et
1346 2880 1535 2957 propterea
1562 2858 1640 2931 sunt
1654 2858 1727 2945 BE,
1745 2858 1827 2930 BHi
1953 2949 1956 2958 Ι

476 2971 821 3069 patallelogtamma.
873 2973 932 3046 Ex
946 2972 1184 3069 propositione
1197 2973 1311 3071 igitur
1336 2984 1390 3068 (et
1412 2996 1472 3069 34„
1502 2974 1554 3068 1.)
1580 2971 1830 3046 corollarium.

477 3082 705 3159 manifestum
722 3085 785 3161 est.
1038 3109 1039 3112 ’

530 3200 614 3271 Cot.
634 3199 682 3272 11.
710 3200 824 3286 Hinc,
850 3199 987 3272 caeteris
1010 3199 1249 3286 manentibus,
1279 3200 1416 3273 snresta
1431 3203 1482 3275 IC
1500 3199 1696 3297 contingat*
1716 3220 1827 3294 para-

478 3314 604 3386 bolam
622 3314 658 3386 in
675 3316 853 3411 pundoC
871 3333 907 3389 et
922 3335 1083 3388 occurrat
1097 3313 1318 3410 contingenti
1331 3316 1383 3387 BI-
1399 3315 1436 3388 in
1454 3305 1587 3412 punito
1605 3315 1636 3400 l,
1650 3311 1715 3384 erit
1728 3336 1819 3408 qua-

476 3427 622 3499 dratum
646 3454 690 3502 ex
715 3433 763 3503 131
791 3431 835 3504 ad
862 3431 1076 3528 quadratum
1101 3453 1145 3500 ex
1169 3429 1219 3501 CI
1244 3448 1287 3501 ut
1303 3447 1501 3525 parameter
1517 3427 1680 3501 diametri
1696 3427 1756 3498 BF
1773 3424 1827 3499 ad=

475 3560 717 3638 parametrum
731 3543 1226 3643 diametripercontaetume
1239 3543 1459 3617 transeuntis.
1487 3543 1711 3642 Quadratum
1724 3540 1823 3612 enim

475 3677 524 3725 ex
537 3655 584 3728 BI
603 3656 741 3753 aequale
755 3656 805 3728 est
820 3657 1025 3754 redangulo
1047 3655 1111 3728 sub
1129 3656 1182 3727 IE
1203 3675 1239 3728 et
1254 3676 1454 3755 parametto
1478 3656 1532 3742 P„
1549 3676 1587 3727 et
1605 3656 1820 3752 quadratum

477 3790 524 3838 ex
549 3767 598 3838 CI
621 3766 826 3862 tediangulo
847 3765 910 3838 sub
933 3765 983 3839 IE
1008 3786 1045 3837 et
1066 3785 1265 3863 parametro
1290 3765 1456 3837 diametri
1479 3791 1543 3861 per
1564 3767 1765 3838 contastum
1785 3766 1819 3836 C

476 3879 703 3954 transeuntis.
721 3966 727 3977 t
755 3884 879 3981 Quare
896 3900 936 3954 ut
951 3880 1225 3979 quadratumex
1238 3880 1283 3950 BI
1303 3879 1348 3950 ad
1365 3879 1579 3976 quadratum
1595 3900 1640 3948 ex
1656 3878 1706 3949 CI
1720 3877 1768 3949 ita
1783 3876 1818 3949 se
1971 3945 1976 3947 Δ
2128 3890 2131 3896 ’

478 3997 590 4069 habet
605 3996 853 4093 redtangulum
870 3995 935 4068 sub
951 3995 1053 4069 IEet
1069 3996 1098 4068 P
1116 3989 1493 4091 adredangutumsub
1504 3988 1553 4062 lE
1567 4011 1602 4062 et
1617 4007 1820 4087 parametro

518 4333 540 4368 ¹
560 4331 762 4409 Propter-hane
780 4329 1146 4389 affeffionemrabsciffarum
1158 4327 1288 4386 diametri
1300 4341 1329 4386 et
1348 4324 1458 4384 suarum
1471 4323 1671 4393 ordinatarum,
1699 4324 1821 4402 Apollo·

476 4427 545 4487 nina
553 4428 624 4487 hauc
637 4428 784 4487 senionem
799 4426 927 4486 tonicam
940 4426 1104 4486 Parabolam
1117 4423 1280 4485 nominavit.

518 4523 596 4581 Hine
605 4521 691 4581 etiam
704 4523 889 4601 saepenumero
901 4522 1037 4582 Parabola
1049 4517 1209 4599 algebraice
1222 4519 1276 4579 hoc
1287 4518 1373 4578 modo
1385 4518 1561 4597 designatur:
1587 4517 1749 4576 Parameter
1769 4537 1820 4577 cu·
1848 4520 1925 4582 1²10.
1942 4539 1990 4601 13·

412 4676 416 4684 ,
468 4615 563 4696 jusitia
583 4615 713 4676 dimetri
726 4617 774 4675 BF
795 4616 902 4676 dicatur
910 4633 953 4695 μ
974 4614 1166 4684 abscidant,
1185 4639 1225 4685 κς
1246 4631 1276 4675 et
1293 4614 1423 4675 ordinata
1445 4615 1509 4684 FE,
1522 4637 1556 4691 y,
1577 4629 1606 4673 et
1624 4613 1820 4693 eritpfflyfi

471 4736 529 4796 per
549 4716 621 4775 lunc
645 4714 886 4794 Propofidonem.·
924 4715 1043 4784 Contra,
1071 4715 1258 4794 aequationem
1280 4712 1437 4790 hujusmodi
1450 4729 1527 4792 px:
1543 4717 1594 4791 f,
1621 4712 1822 4775 Mathematici

471 4811 568 4872 solent
582 4810 686 4872 tefam
699 4813 736 4873 ad
753 4812 917 4872 Parabolaan
929 4835 938 4882 ;
958 4812 989 4870 in
1002 4831 1057 4890 qua
1066 4811 1177 4877 absciffa
1189 4809 1321 4875 diametfi
1331 4832 1402 4884 εκ,
1423 4809 1552 4874 otd'mta
1562 4833 1629 4888 ε),
1652 4824 1681 4870 et
1689 4830 1823 4889 paramo*

471 4924 520 4972 tet
533 4907 674 4972 diametri
692 4909 782 4988 (eujus
795 4910 863 4973 esta
874 4908 999 4985 abscide)
1017 4923 1083 4987 τι..
1226 4967 1231 4974 .

1585 5106 1588 5111 y
1656 4998 1826 5078 diametri
