5184 6600
899 969 999 1086 De
1039 969 1361 1136 Hyperboh.
1684 913 1799 1139 123
1897 946 1901 955 ¹
2006 893 2008 900 ⁴

465 1185 547 1277 (22.
567 1182 622 1281 ς.)
644 1183 693 1259 ita
714 1184 961 1284 restangulum
983 1190 1083 1262 BED
1105 1192 1149 1264 ad
1171 1195 1414 1292 resiangulum
1436 1195 1534 1270 FEG
1546 1231 1556 1283 3
1588 1217 1625 1274 et
1652 1202 1801 1299 proinde

418 1348 421 1352 ψ
468 1299 553 1373 Cor.
569 1318 670 1396 patet
686 1324 750 1397 per
761 1301 844 1375 Cor.
869 1326 900 1375 1.
918 1309 971 1395 (et
992 1327 1045 1377 11.
1066 1308 1131 1401 5.).

517 1416 601 1488 Cor.
619 1417 682 1488 lv.
710 1417 857 1490 Caeteris
869 1421 1105 1513 manentibus,
1127 1422 1150 1497 fi
1173 1425 1380 1522 contingens
1405 1426 1461 1499 AI
1481 1445 1643 1499 occurrat
1668 1427 1796 1503 secanti

465 1528 532 1601 FG
549 1527 585 1600 in
601 1532 736 1626 punsto
757 1532 817 1614 N3
845 1533 1058 1627 quadratum
1082 1537 1226 1610 ex'AN
1244 1556 1280 1609 et
1302 1538 1548 1635 reeiangulum
1569 1540 1675 1612 FNG
1696 1562 1799 1614 erunt

465 1642 557 1716 inter
572 1646 606 1717 se
624 1664 663 1718 ut
680 1645 851 1743 quadrata
868 1645 1218 1737 semidiametrorum,
1237 1650 1368 1748 quibus
1386 1649 1464 1724 sunt
1477 1652 1666 1750 parallelae.
1694 1652 1799 1728 Patet

463 1779 531 1853 per
545 1758 630 1832 Cor.
652 1783 683 1833 1.
700 1759 903 1857 praecedens
921 1779 957 1833 et
975 1764 1081 1861 Prop.
1102 1784 1161 1855 27.
1182 1761 1265 1835 Lib.
1290 1785 1322 1834 1.
1557 1861 1559 1863 -

515 1870 599 1946 Cor.
618 1873 664 1945 V.
691 1871 920 1948 Manentibus
940 1873 1016 1974 jam
1036 1877 1170 1973 positis,
1189 1876 1213 1948 fi
1232 1876 1325 1950 κᾶε
1342 1878 1440 1964 DM,
1458 1876 1521 1974 ipsr
1539 1878 1598 1952 HI
1617 1879 1796 1976 parassem,

462 1985 651 2082 contingat
670 1988 902 2085 hyperbolem
923 1992 998 2064 AD
1026 1991 1061 2064 in
1079 1993 1114 2064 D
1138 2009 1173 2064 et
1195 2010 1359 2066 occurrat
1381 1992 1417 2064 in
1435 1996 1480 2066 M
1496 1994 1601 2067 κᾶε
1618 1996 1698 2067 MG
1712 2019 1796 2095 quae

462 2101 640 2200 contingit
657 2104 888 2201 hyperbolam
905 2105 983 2178 HG
1002 2106 1038 2178 in
1056 2105 1141 2180 Get
1155 2105 1322 2203 parallela
1336 2104 1385 2178 est
1398 2107 1618 2206 contingenti
1637 2109 1691 2181 AI
1704 2142 1716 2194 3
1729 2109 1796 2181 erit
1834 2156 1835 2159 =

463 2213 526 2286 HI
544 2214 589 2287 ad
602 2218 654 2288 ln
668 2218 806 2289 utDM
820 2217 866 2291 ad
875 2218 968 2292 MG.
1004 2220 1104 2293 Nam
1124 2221 1196 2306 HI,
1210 2221 1263 2293 lA
1277 2218 1453 2293 suntadse
1465 2220 1619 2295 invicem
1633 2241 1673 2293 ut
1690 2222 1793 2295 serni-

305 2375 313 2381 ·
461 2327 627 2403 diametri
640 2330 772 2427 quibus
783 2330 1057 2427 suntparallelae,
1074 2356 1138 2429 per
1153 2331 1239 2406 Cor.
1260 2353 1307 2417 23
1324 2350 1360 2406 et
1378 2332 1414 2406 in
1429 2333 1552 2408 eadem
1569 2332 1703 2408 ratione
1716 2334 1795 2408 sunt

460 2442 559 2531 DM,
577 2444 672 2517 MG.
715 2446 818 2543 &go
835 2447 917 2543 (ιι.
936 2444 993 2540 5.)
1013 2445 1095 2519 Cor.
1111 2462 1225 2541 patet.

904 2674 1136 2755 PROP
1198 2676 1314 2756 XVI.
1415 2747 1417 2752 1

459 2853 500 2934 Si
518 2852 604 2935 dure
619 2858 730 2935 κᾶε
748 2850 820 2936 fibi
835 2855 1007 2938 invicem
1022 2874 1246 2951 occurrant,
1262 2883 1428 2966 quarum
1446 2885 1523 2940 una
1536 2860 1637 2941 secet
1648 2855 1791 2971 hyper-

521 2977 628 3058 bolae
657 2978 865 3088 oppositae,
894 2980 1013 3061 altera
1031 3007 1122 3060 vero
1144 2982 1369 3062 alterutram
1390 2980 1697 3089 hyperbolarum
1716 3010 1791 3091 op·

518 3101 730 3210 positarum
744 3137 759 3196 3
788 3102 1012 3212 resiangula
1038 3102 1109 3183 sub
1134 3129 1270 3184 earum
1301 3104 1513 3211 segmentis
1545 3123 1660 3185 erunt
1688 3106 1792 3183 inter

435 3298 439 3302 ,
512 3223 550 3303 so
580 3242 625 3305 ut
658 3225 845 3335 quadrata
871 3226 1250 3308 semidiametrorurn
1275 3226 1422 3335 quibus
1459 3224 1549 3309 sunt
1575 3227 1788 3339 parailelae:
1836 3228 1850 3257 ⁶

517 3345 579 3427 vel
598 3348 626 3427 sr
645 3349 732 3429 duae
756 3353 869 3429 κᾶε
889 3350 961 3431 fibi
986 3350 1159 3431 invicem
1179 3368 1385 3431 occurrant
1402 3369 1441 3431 et
1461 3351 1695 3460 hyperbolae
1716 3378 1791 3461 op-

512 3468 652 3578 pofitas
672 3470 801 3553 secent
812 3475 831 3566 3'
860 3473 1084 3580 restangula
1103 3471 1174 3553 sub
1198 3499 1333 3554 earum
1354 3472 1564 3583 segmentis
1589 3492 1706 3555 erunt
1725 3479 1789 3553 in·

464 3620 470 3635 ⁸
511 3596 626 3672 terso
646 3612 690 3677 ut
706 3596 889 3704 quadrata
904 3596 1290 3678 semidiametrorum
1310 3597 1455 3706 quibus
1475 3596 1563 3678 sunt
1580 3598 1788 3707 paralleloe.

453 3793 541 3868 Pars
558 3794 588 3869 1.
687 3795 749 3870 IT
767 3797 860 3870 reeta
876 3798 943 3871 BD
960 3799 1128 3895 paralleia
1148 3798 1320 3872 diametro
1335 3798 1389 3871 Kl
1413 3816 1449 3872 et
1470 3796 1563 3872 secet
1580 3798 1790 3898 hyperbolae
1819 3804 1895 3895 Fre.
1915 3854 1924 3895 1
1931 3856 1964 3910 4»

707 3910 884 4007 oppositas
901 3912 979 3998 KB,
1001 3912 1054 3983 ID
1074 3911 1110 4008 in
1127 3913 1169 3999 B,
1188 3915 1243 3995 D3
1267 3913 1310 3985 fit
1325 3933 1413 3984 vero
1429 3913 1522 3983 resta
1541 3912 1570 3983 F
1572 3911 1607 3984 G
1624 3910 1789 4009 parallela
1912 3933 1956 3993 ts·

453 4022 631 4096 diametro
647 4022 732 4095 MN
756 4041 794 4095 et
815 4019 904 4098 secet
926 4023 1159 4121 hyperbolem
1178 4027 1232 4100 ID
1252 4026 1286 4099 in
1305 4027 1347 4111 F,
1365 4028 1399 4099 G
1410 4060 1421 4109 3
1452 4051 1557 4122 porro
1573 4026 1613 4099 fit
1629 4044 1789 4100 centrum

453 4132 499 4224 C.
509 4156 544 4210 et
553 4155 740 4211 occurrant
748 4133 810 4209 fibi
825 4136 979 4210 invicem
991 4140 1098 4211 κᾶε
1111 4142 1189 4228 BD,
1202 4141 1266 4214 FG
1279 4139 1315 4212 in
1326 4138 1459 4237 punito
1473 4138 1504 4210 E
1513 4172 1524 4222 3
1543 4137 1788 4234 resiangulum

452 4251 553 4324 BED
571 4250 638 4322 erit
654 4250 699 4322 ad
714 4249 960 4346 restangulum
978 4252 1078 4325 FEG
1094 4273 1134 4326 ut
1152 4254 1367 4353 quadratum
1385 4276 1428 4324 ex
1445 4253 1494 4324 Cl
1513 4253 1557 4324 ad
1574 4251 1787 4350 quadratum

451 4386 498 4436 ex
514 4364 605 4438 CM.
646 4351 698 4436 Sit
714 4363 889 4460 poneium
908 4365 940 4436 E
956 4362 1045 4436 intra
1062 4365 1307 4462 hyperbolem.
1349 4364 1472 4436 Primo
1484 4363 1527 4435 fit
1541 4365 1570 4436 F
1573 4364 1607 4435 G
1621 4362 1795 4436 ordinatis-
1818 4381 1894 4441 Fre.
1911 4399 1957 4456 ¹4·

451 4476 619 4549 diametri
635 4478 688 4551 KI
701 4476 880 4575 parallelo,
899 4477 963 4575 ipsr
976 4501 1163 4551 occurrens
1180 4478 1216 4552 in
1230 4480 1265 4552 L
1279 4498 1314 4551 et
1331 4477 1435 4550 κᾶε
1453 4478 1516 4550 FG
1531 4476 1706 4550 ducantur
1724 4503 1787 4573 pa-

450 4594 581 4667 rauelae
597 4596 682 4681 DR,
700 4595 777 4682 BA,
796 4595 874 4667 IH:
908 4598 1108 4668 Occurrant
1124 4595 1229 4668 κᾶε
1242 4594 1330 4678 DR,
1343 4592 1411 4664 BA
1428 4590 1602 4665 diametro
1615 4592 1668 4663 KI
1688 4590 1723 4664 in
1739 4594 1787 4678 R,

449 4713 487 4782 A
500 4742 511 4793 3
529 4728 693 4782 occurrat
706 4732 792 4781 vero
807 4709 871 4782 BD
886 4711 990 4783 κᾶε
1005 4710 1066 4782 IH
1079 4708 1116 4781 in
1128 4709 1182 4782 H.
1208 4707 1311 4779 Tum
1323 4706 1428 4778 κᾶε
1438 4707 1525 4794 DR,
1538 4708 1604 4779 BA
1615 4726 1716 4779 erunt
1730 4706 1786 4778 dis

449 4839 588 4895 ametro
598 4820 652 4893 Kl
665 4820 847 4910 ordinatae,
858 4840 894 4894 et
909 4823 1004 4895 κᾶε
1017 4822 1079 4895 IH
1092 4820 1276 4920 continget
1291 4821 1533 4919 hyperbolem,
1545 4845 1608 4918 per
1623 4823 1704 4894 Cor.
1724 4841 1786 4892 ret

452 4956 486 5013 2.
504 4935 612 5033 Prop.
629 4960 672 5033 93
689 4954 725 5009 et
740 4936 890 5035 proinde
905 4940 984 5034 (34.
1007 4961 1038 5011 1.
1056 4940 1110 5026 et)
1128 4937 1212 5010 Cor.
1227 4961 1261 5032 3.
1278 4937 1383 5034 Prop.
1398 4939 1431 5009 8.
1442 4935 1525 5022 CA,
1538 4935 1605 5006 CR
1620 4934 1785 5030 aequales.

448 5050 542 5125 Sunt
556 5050 667 5127 etiam
683 5053 840 5156 aequales
855 5054 936 5142 ΚΟ,
953 5052 1019 5143 cl,
1035 5070 1071 5127 et
1087 5051 1221 5129 idcirco
1239 5050 1459 5147 segmentum
1472 5050 1540 5121 KR
1557 5047 1691 5144 aequale
1707 5043 1785 5143 seg-

1021 5200 1026 5204 -
1664 5182 1789 5234 mento
