<?xml version="1.0" encoding="UTF-8"?>
<!DOCTYPE html PUBLIC "-//W3C//DTD XHTML 1.0 Transitional//EN"
    "http://www.w3.org/TR/xhtml1/DTD/xhtml1-transitional.dtd">
<html xmlns="http://www.w3.org/1999/xhtml" xml:lang="en" lang="en">
 <head>
  <title>
</title>
<meta http-equiv="Content-Type" content="text/html;charset=utf-8" />
  <meta name='ocr-system' content='tesseract 3.04.00' />
  <meta name='ocr-capabilities' content='ocr_page ocr_carea ocr_par ocr_line ocrx_word'/>
</head>
<body>
  <div class='ocr_page' id='page_1' title='image "./sectionumconica00robegoog_0434.png"; bbox 0 0 5184 6600; ppageno 0'>
   <div class='ocr_carea' id='block_1_1' title="bbox 895 938 1814 1110">
    <p class='ocr_par' dir='ltr' id='par_1_1' title="bbox 895 938 1814 1110">
     <span class='ocr_line' id='line_1_1' title="bbox 895 938 1814 1110; baseline -0.007 -36"><span class='ocrx_word' id='word_1_1' title='bbox 895 938 1071 1110; x_wconf 80' lang='lat' dir='ltr'>Caput</span> <span class='ocrx_word' id='word_1_2' title='bbox 1107 938 1361 1066; x_wconf 70' lang='lat' dir='ltr'>iirtrirm.</span> <span class='ocrx_word' id='word_1_3' title='bbox 1685 1032 1686 1035; x_wconf 25' lang='grc' dir='ltr'>ψ</span> <span class='ocrx_word' id='word_1_4' title='bbox 1694 951 1814 1105; x_wconf 82' lang='lat'>367</span> 
     </span>
    </p>
   </div>
   <div class='ocr_carea' id='block_1_2' title="bbox 472 1194 1815 1740">
    <p class='ocr_par' dir='ltr' id='par_1_2' title="bbox 472 1194 1815 1740">
     <span class='ocr_line' id='line_1_2' title="bbox 473 1194 1814 1311; baseline 0.004 -32"><span class='ocrx_word' id='word_1_5' title='bbox 473 1225 642 1308; x_wconf 90' lang='lat' dir='ltr'>quorum</span> <span class='ocrx_word' id='word_1_6' title='bbox 662 1194 793 1310; x_wconf 80' lang='lat' dir='ltr'>Opera</span> <span class='ocrx_word' id='word_1_7' title='bbox 821 1200 872 1281; x_wconf 87' lang='lat' dir='ltr'>ad</span> <span class='ocrx_word' id='word_1_8' title='bbox 897 1228 967 1282; x_wconf 88' lang='lat' dir='ltr'>nos</span> <span class='ocrx_word' id='word_1_9' title='bbox 988 1203 1240 1311; x_wconf 83' lang='lat' dir='ltr'>pervenerint,</span> <span class='ocrx_word' id='word_1_10' title='bbox 1271 1204 1588 1283; x_wconf 73' lang='lat' dir='ltr'>Anourourut.</span> <span class='ocrx_word' id='word_1_11' title='bbox 1650 1201 1717 1284; x_wconf 83' lang='lat' dir='ltr'>Ab</span> <span class='ocrx_word' id='word_1_12' title='bbox 1737 1203 1814 1284; x_wconf 90' lang='lat' dir='ltr'>ini·</span> 
     </span>
     <span class='ocr_line' id='line_1_3' title="bbox 472 1338 1815 1453; baseline 0.002 -32"><span class='ocrx_word' id='word_1_13' title='bbox 472 1341 527 1421; x_wconf 81' lang='lat' dir='ltr'>tio</span> <span class='ocrx_word' id='word_1_14' title='bbox 547 1342 692 1422; x_wconf 88' lang='lat' dir='ltr'>etenim</span> <span class='ocrx_word' id='word_1_15' title='bbox 710 1340 797 1420; x_wconf 86' lang='lat' dir='ltr'>libri</span> <span class='ocrx_word' id='word_1_16' title='bbox 830 1338 886 1419; x_wconf 91' lang='lat' dir='ltr'>sui</span> <span class='ocrx_word' id='word_1_17' title='bbox 915 1340 1071 1422; x_wconf 88' lang='lat' dir='ltr'>secundi</span> <span class='ocrx_word' id='word_1_18' title='bbox 1089 1342 1136 1422; x_wconf 90' lang='lat' dir='ltr'>ad</span> <span class='ocrx_word' id='word_1_19' title='bbox 1155 1341 1456 1453; x_wconf 86' lang='lat' dir='ltr'>propofitionem</span> <span class='ocrx_word' id='word_1_20' title='bbox 1481 1341 1564 1449; x_wconf 90' lang='lat' dir='ltr'>ejus</span> <span class='ocrx_word' id='word_1_21' title='bbox 1594 1341 1815 1424; x_wconf 83' lang='lat' dir='ltr'>vicefimam</span> 
     </span>
     <span class='ocr_line' id='line_1_4' title="bbox 472 1478 1814 1591; baseline 0.002 -32"><span class='ocrx_word' id='word_1_22' title='bbox 472 1499 663 1589; x_wconf 86' lang='lat' dir='ltr'>quartam,</span> <span class='ocrx_word' id='word_1_23' title='bbox 693 1482 733 1559; x_wconf 90' lang='lat' dir='ltr'>in</span> <span class='ocrx_word' id='word_1_24' title='bbox 761 1478 834 1563; x_wconf 83' lang='lat' dir='ltr'>hac</span> <span class='ocrx_word' id='word_1_25' title='bbox 868 1481 946 1591; x_wconf 86' lang='lat' dir='ltr'>ipsa</span> <span class='ocrx_word' id='word_1_26' title='bbox 974 1483 1131 1562; x_wconf 88' lang='lat' dir='ltr'>materie</span> <span class='ocrx_word' id='word_1_27' title='bbox 1161 1480 1241 1562; x_wconf 90' lang='lat' dir='ltr'>fere</span> <span class='ocrx_word' id='word_1_28' title='bbox 1274 1500 1378 1562; x_wconf 90' lang='lat' dir='ltr'>totus</span> <span class='ocrx_word' id='word_1_29' title='bbox 1416 1479 1598 1565; x_wconf 87' lang='lat' dir='ltr'>versatur.</span> <span class='ocrx_word' id='word_1_30' title='bbox 1657 1483 1814 1563; x_wconf 88' lang='lat' dir='ltr'>Harum</span> 
     </span>
     <span class='ocr_line' id='line_1_5' title="bbox 472 1620 1815 1740; baseline 0.002 -40"><span class='ocrx_word' id='word_1_31' title='bbox 472 1621 631 1728; x_wconf 88' lang='lat' dir='ltr'>quidem</span> <span class='ocrx_word' id='word_1_32' title='bbox 666 1620 858 1700; x_wconf 89' lang='lat' dir='ltr'>linearum</span> <span class='ocrx_word' id='word_1_33' title='bbox 891 1620 1109 1701; x_wconf 76' lang='lat' dir='ltr'>affectiones</span> <span class='ocrx_word' id='word_1_34' title='bbox 1146 1651 1166 1701; x_wconf 90' lang='lat' dir='ltr'>e</span> <span class='ocrx_word' id='word_1_35' title='bbox 1198 1623 1398 1740; x_wconf 28' lang='lat' dir='ltr'>Conolnon</span> <span class='ocrx_word' id='word_1_36' title='bbox 1435 1620 1603 1714; x_wconf 89' lang='lat' dir='ltr'>deducit,</span> <span class='ocrx_word' id='word_1_37' title='bbox 1633 1621 1695 1702; x_wconf 86' lang='lat' dir='ltr'>sed</span> <span class='ocrx_word' id='word_1_38' title='bbox 1727 1651 1815 1730; x_wconf 82' lang='lat' dir='ltr'>quae</span> 
     </span>
    </p>
   </div>
   <div class='ocr_carea' id='block_1_3' title="bbox 304 1759 1812 1866">
    <p class='ocr_par' dir='ltr' id='par_1_3' title="bbox 304 1759 1812 1866">
     <span class='ocr_line' id='line_1_6' title="bbox 304 1759 1812 1866; baseline 0.002 -28"><span class='ocrx_word' id='word_1_39' title='bbox 304 1817 311 1824; x_wconf 86' lang='lat'><em>-</em></span> <span class='ocrx_word' id='word_1_40' title='bbox 468 1759 514 1840; x_wconf 81' lang='lat' dir='ltr'>iis</span> <span class='ocrx_word' id='word_1_41' title='bbox 534 1761 581 1840; x_wconf 86' lang='lat' dir='ltr'>fit</span> <span class='ocrx_word' id='word_1_42' title='bbox 599 1759 758 1850; x_wconf 82' lang='lat' dir='ltr'>indoles,</span> <span class='ocrx_word' id='word_1_43' title='bbox 788 1776 830 1838; x_wconf 89' lang='lat' dir='ltr'>et</span> <span class='ocrx_word' id='word_1_44' title='bbox 848 1761 1045 1866; x_wconf 92' lang='lat' dir='ltr'>quomodo</span> <span class='ocrx_word' id='word_1_45' title='bbox 1064 1788 1126 1840; x_wconf 87' lang='lat' dir='ltr'>eas</span> <span class='ocrx_word' id='word_1_46' title='bbox 1145 1759 1328 1841; x_wconf 85' lang='lat' dir='ltr'>exhibere</span> <span class='ocrx_word' id='word_1_47' title='bbox 1355 1761 1470 1840; x_wconf 85' lang='lat' dir='ltr'>liceat</span> <span class='ocrx_word' id='word_1_48' title='bbox 1494 1760 1599 1841; x_wconf 84' lang='lat' dir='ltr'>hisce</span> <span class='ocrx_word' id='word_1_49' title='bbox 1626 1761 1812 1842; x_wconf 85' lang='lat' dir='ltr'>ostendit:</span> 
     </span>
    </p>
   </div>
   <div class='ocr_carea' id='block_1_4' title="bbox 469 1895 1814 2150">
    <p class='ocr_par' dir='ltr' id='par_1_4' title="bbox 469 1895 1814 2150">
     <span class='ocr_line' id='line_1_7' title="bbox 469 1895 1814 2009; baseline 0.002 -32"><span class='ocrx_word' id='word_1_50' title='bbox 469 1900 560 1977; x_wconf 87' lang='lat' dir='ltr'>“Si</span> <span class='ocrx_word' id='word_1_51' title='bbox 593 1895 863 2006; x_wconf 74' lang='lat' dir='ltr'>Hyperbolum</span> <span class='ocrx_word' id='word_1_52' title='bbox 893 1903 995 1978; x_wconf 70' lang='lat' dir='ltr'>recta</span> <span class='ocrx_word' id='word_1_53' title='bbox 1027 1901 1127 1980; x_wconf 84' lang='lat' dir='ltr'>linea</span> <span class='ocrx_word' id='word_1_54' title='bbox 1158 1900 1208 1979; x_wconf 89' lang='lat' dir='ltr'>ad</span> <span class='ocrx_word' id='word_1_55' title='bbox 1237 1900 1423 1980; x_wconf 89' lang='lat' dir='ltr'>verticem</span> <span class='ocrx_word' id='word_1_56' title='bbox 1453 1901 1666 2009; x_wconf 85' lang='lat' dir='ltr'>contingat,</span> <span class='ocrx_word' id='word_1_57' title='bbox 1695 1921 1737 1981; x_wconf 92' lang='lat' dir='ltr'>et</span> <span class='ocrx_word' id='word_1_58' title='bbox 1763 1900 1814 1980; x_wconf 87' lang='lat' dir='ltr'>ab</span> 
     </span>
     <span class='ocr_line' id='line_1_8' title="bbox 469 2037 1814 2150; baseline 0.004 -33"><span class='ocrx_word' id='word_1_59' title='bbox 469 2037 563 2147; x_wconf 92' lang='lat' dir='ltr'>ipso,</span> <span class='ocrx_word' id='word_1_60' title='bbox 593 2065 644 2118; x_wconf 86' lang='lat' dir='ltr'>ex</span> <span class='ocrx_word' id='word_1_61' title='bbox 663 2055 826 2147; x_wconf 89' lang='lat' dir='ltr'>utraque</span> <span class='ocrx_word' id='word_1_62' title='bbox 845 2057 953 2148; x_wconf 83' lang='lat' dir='ltr'>parte</span> <span class='ocrx_word' id='word_1_63' title='bbox 973 2040 1163 2134; x_wconf 84' lang='lat' dir='ltr'>diametri,</span> <span class='ocrx_word' id='word_1_64' title='bbox 1193 2058 1359 2150; x_wconf 88' lang='lat' dir='ltr'>ponatur</span> <span class='ocrx_word' id='word_1_65' title='bbox 1376 2043 1476 2122; x_wconf 68' lang='lat' dir='ltr'>recta</span> <span class='ocrx_word' id='word_1_66' title='bbox 1493 2040 1648 2150; x_wconf 77' lang='lat' dir='ltr'>aequalis</span> <span class='ocrx_word' id='word_1_67' title='bbox 1674 2041 1710 2120; x_wconf 92' lang='lat' dir='ltr'>ei</span> <span class='ocrx_word' id='word_1_68' title='bbox 1727 2068 1814 2150; x_wconf 85' lang='lat' dir='ltr'>quae</span> 
     </span>
    </p>
   </div>
   <div class='ocr_carea' id='block_1_5' title="bbox 317 2175 1814 2290">
    <p class='ocr_par' dir='ltr' id='par_1_5' title="bbox 317 2175 1814 2290">
     <span class='ocr_line' id='line_1_9' title="bbox 317 2175 1814 2290; baseline 0.003 -35"><span class='ocrx_word' id='word_1_69' title='bbox 317 2282 319 2285; x_wconf 76' lang='lat'>.</span> <span class='ocrx_word' id='word_1_70' title='bbox 466 2175 594 2284; x_wconf 85' lang='lat' dir='ltr'>potest</span> <span class='ocrx_word' id='word_1_71' title='bbox 623 2196 801 2285; x_wconf 83' lang='lat' dir='ltr'>quartam</span> <span class='ocrx_word' id='word_1_72' title='bbox 820 2177 953 2287; x_wconf 87' lang='lat' dir='ltr'>figurae</span> <span class='ocrx_word' id='word_1_73' title='bbox 972 2199 1121 2290; x_wconf 87' lang='lat' dir='ltr'>partem</span> <span class='ocrx_word' id='word_1_74' title='bbox 1127 2217 1142 2274; x_wconf 80' lang='lat'>3</span> <span class='ocrx_word' id='word_1_75' title='bbox 1172 2183 1284 2260; x_wconf 68' lang='lat' dir='ltr'>redtae</span> <span class='ocrx_word' id='word_1_76' title='bbox 1303 2201 1389 2289; x_wconf 86' lang='lat' dir='ltr'>quae</span> <span class='ocrx_word' id='word_1_77' title='bbox 1415 2175 1438 2259; x_wconf 70' lang='lat' dir='ltr'>a</span> <span class='ocrx_word' id='word_1_78' title='bbox 1462 2179 1650 2258; x_wconf 75' lang='lat' dir='ltr'>Sectionis</span> <span class='ocrx_word' id='word_1_79' title='bbox 1679 2178 1814 2260; x_wconf 88' lang='lat' dir='ltr'>centro</span> 
     </span>
    </p>
   </div>
   <div class='ocr_carea' id='block_1_6' title="bbox 459 2314 1815 3817">
    <p class='ocr_par' dir='ltr' id='par_1_6' title="bbox 462 2314 1815 3264">
     <span class='ocr_line' id='line_1_10' title="bbox 466 2314 1815 2430; baseline 0.002 -34"><span class='ocrx_word' id='word_1_80' title='bbox 466 2316 515 2396; x_wconf 86' lang='lat' dir='ltr'>ad</span> <span class='ocrx_word' id='word_1_81' title='bbox 529 2314 702 2425; x_wconf 89' lang='lat' dir='ltr'>sumptos</span> <span class='ocrx_word' id='word_1_82' title='bbox 724 2320 906 2418; x_wconf 84' lang='lat' dir='ltr'>terminos</span> <span class='ocrx_word' id='word_1_83' title='bbox 922 2323 1181 2430; x_wconf 83' lang='lat' dir='ltr'>contingentis</span> <span class='ocrx_word' id='word_1_84' title='bbox 1201 2320 1411 2412; x_wconf 84' lang='lat' dir='ltr'>ducuntur,</span> <span class='ocrx_word' id='word_1_85' title='bbox 1428 2345 1522 2399; x_wconf 91' lang='lat' dir='ltr'>cum</span> <span class='ocrx_word' id='word_1_86' title='bbox 1541 2318 1715 2398; x_wconf 71' lang='lat' dir='ltr'>Sectione</span> <span class='ocrx_word' id='word_1_87' title='bbox 1733 2345 1815 2399; x_wconf 89' lang='lat' dir='ltr'>non</span> 
     </span>
     <span class='ocr_line' id='line_1_11' title="bbox 465 2452 1813 2565; baseline 0.002 -30"><span class='ocrx_word' id='word_1_88' title='bbox 465 2457 735 2536; x_wconf 86' lang='lat' dir='ltr'>convenient.&#39;&#39;</span> <span class='ocrx_word' id='word_1_89' title='bbox 791 2456 934 2565; x_wconf 80' lang='lat' dir='ltr'>Qoad</span> <span class='ocrx_word' id='word_1_90' title='bbox 970 2473 1117 2546; x_wconf 75' lang='lat' dir='ltr'>caetera,</span> <span class='ocrx_word' id='word_1_91' title='bbox 1145 2455 1265 2534; x_wconf 86' lang='lat' dir='ltr'>fufius</span> <span class='ocrx_word' id='word_1_92' title='bbox 1306 2456 1465 2561; x_wconf 91' lang='lat' dir='ltr'>quidem</span> <span class='ocrx_word' id='word_1_93' title='bbox 1501 2452 1550 2532; x_wconf 88' lang='lat' dir='ltr'>de</span> <span class='ocrx_word' id='word_1_94' title='bbox 1586 2453 1813 2564; x_wconf 85' lang='lat' dir='ltr'>asymptotis&#39;</span> 
     </span>
     <span class='ocr_line' id='line_1_12' title="bbox 464 2591 1813 2705; baseline 0.004 -31"><span class='ocrx_word' id='word_1_95' title='bbox 464 2611 627 2704; x_wconf 86' lang='lat' dir='ltr'>egerunt</span> <span class='ocrx_word' id='word_1_96' title='bbox 645 2595 901 2677; x_wconf 84' lang='lat' dir='ltr'>recentiorum</span> <span class='ocrx_word' id='word_1_97' title='bbox 921 2592 1214 2705; x_wconf 85' lang='lat' dir='ltr'>quamplurimi,</span> <span class='ocrx_word' id='word_1_98' title='bbox 1244 2592 1308 2673; x_wconf 89' lang='lat' dir='ltr'>sod</span> <span class='ocrx_word' id='word_1_99' title='bbox 1335 2609 1375 2673; x_wconf 93' lang='lat' dir='ltr'>et</span> <span class='ocrx_word' id='word_1_100' title='bbox 1400 2591 1583 2674; x_wconf 87' lang='lat' dir='ltr'>omnibus</span> <span class='ocrx_word' id='word_1_101' title='bbox 1610 2595 1656 2674; x_wconf 87' lang='lat' dir='ltr'>iis</span> <span class='ocrx_word' id='word_1_102' title='bbox 1679 2593 1813 2704; x_wconf 64' lang='lat' dir='ltr'>facem</span> 
     </span>
     <span class='ocr_line' id='line_1_13' title="bbox 465 2729 1813 2844; baseline 0.001 -31"><span class='ocrx_word' id='word_1_103' title='bbox 465 2733 698 2842; x_wconf 85' lang='lat' dir='ltr'>Apollonius</span> <span class='ocrx_word' id='word_1_104' title='bbox 712 2732 915 2844; x_wconf 82' lang='lat' dir='ltr'>praetuliffe</span> <span class='ocrx_word' id='word_1_105' title='bbox 928 2733 1134 2841; x_wconf 85' lang='lat' dir='ltr'>censendus</span> <span class='ocrx_word' id='word_1_106' title='bbox 1153 2732 1424 2813; x_wconf 86' lang='lat' dir='ltr'>est-tantum</span> <span class='ocrx_word' id='word_1_107' title='bbox 1433 2729 1629 2841; x_wconf 83' lang='lat' dir='ltr'>impeditis</span> <span class='ocrx_word' id='word_1_108' title='bbox 1647 2730 1813 2815; x_wconf 88' lang='lat' dir='ltr'>demon-</span> 
     </span>
     <span class='ocr_line' id='line_1_14' title="bbox 463 2870 1811 2981; baseline 0 -27"><span class='ocrx_word' id='word_1_109' title='bbox 463 2870 709 2956; x_wconf 84' lang='lat' dir='ltr'>strationibus</span> <span class='ocrx_word' id='word_1_110' title='bbox 727 2889 767 2954; x_wconf 84' lang='lat' dir='ltr'>et</span> <span class='ocrx_word' id='word_1_111' title='bbox 785 2872 825 2953; x_wconf 91' lang='lat' dir='ltr'>in</span> <span class='ocrx_word' id='word_1_112' title='bbox 842 2871 1007 2981; x_wconf 88' lang='lat' dir='ltr'>longum</span> <span class='ocrx_word' id='word_1_113' title='bbox 1019 2870 1213 2980; x_wconf 72' lang='lat' dir='ltr'>produdis</span> <span class='ocrx_word' id='word_1_114' title='bbox 1232 2897 1511 2978; x_wconf 90' lang='lat' dir='ltr'>nonnunquam</span> <span class='ocrx_word' id='word_1_115' title='bbox 1529 2871 1665 2961; x_wconf 92' lang='lat' dir='ltr'>utitur,</span> <span class='ocrx_word' id='word_1_116' title='bbox 1685 2885 1731 2950; x_wconf 93' lang='lat' dir='ltr'>ut</span> <span class='ocrx_word' id='word_1_117' title='bbox 1748 2894 1811 2954; x_wconf 77' lang='lat' dir='ltr'>eas</span> 
     </span>
     <span class='ocr_line' id='line_1_15' title="bbox 462 3004 1811 3123; baseline -0.002 -30"><span class='ocrx_word' id='word_1_118' title='bbox 462 3012 593 3095; x_wconf 87' lang='lat' dir='ltr'>effecit</span> <span class='ocrx_word' id='word_1_119' title='bbox 611 3012 816 3096; x_wconf 77' lang='lat' dir='ltr'>necessario</span> <span class='ocrx_word' id='word_1_120' title='bbox 848 3013 1127 3123; x_wconf 86' lang='lat' dir='ltr'>principiorum</span> <span class='ocrx_word' id='word_1_121' title='bbox 1145 3024 1294 3102; x_wconf 87' lang='lat' dir='ltr'>natura,</span> <span class='ocrx_word' id='word_1_122' title='bbox 1322 3035 1410 3117; x_wconf 86' lang='lat' dir='ltr'>quae</span> <span class='ocrx_word' id='word_1_123' title='bbox 1427 3007 1477 3089; x_wconf 90' lang='lat' dir='ltr'>ad</span> <span class='ocrx_word' id='word_1_124' title='bbox 1494 3004 1610 3117; x_wconf 88' lang='lat' dir='ltr'>hujus</span> <span class='ocrx_word' id='word_1_125' title='bbox 1628 3007 1811 3091; x_wconf 73' lang='lat' dir='ltr'>doctrinae</span> 
     </span>
     <span class='ocr_line' id='line_1_16' title="bbox 464 3151 955 3264; baseline -0.004 -30"><span class='ocrx_word' id='word_1_126' title='bbox 464 3154 765 3264; x_wconf 84' lang='lat' dir='ltr'>explicationem</span> <span class='ocrx_word' id='word_1_127' title='bbox 784 3151 955 3235; x_wconf 87' lang='lat' dir='ltr'>adhibet.</span> 
     </span>
    </p>

    <p class='ocr_par' dir='ltr' id='par_1_7' title="bbox 459 3286 1810 3817">
     <span class='ocr_line' id='line_1_17' title="bbox 517 3286 1807 3401; baseline 0.001 -29"><span class='ocrx_word' id='word_1_128' title='bbox 517 3291 842 3401; x_wconf 87' lang='lat' dir='ltr'>Asymptotorum</span> <span class='ocrx_word' id='word_1_129' title='bbox 866 3289 1085 3372; x_wconf 68' lang='lat' dir='ltr'>affectiones</span> <span class='ocrx_word' id='word_1_130' title='bbox 1113 3318 1133 3371; x_wconf 85' lang='lat' dir='ltr'>e</span> <span class='ocrx_word' id='word_1_131' title='bbox 1161 3289 1259 3374; x_wconf 77' lang='lat' dir='ltr'>Cano</span> <span class='ocrx_word' id='word_1_132' title='bbox 1278 3286 1495 3371; x_wconf 88' lang='lat' dir='ltr'>derivarunt</span> <span class='ocrx_word' id='word_1_133' title='bbox 1513 3286 1807 3373; x_wconf 77' lang='lat' dir='ltr'>Mrooaorus</span> 
     </span>
     <span class='ocr_line' id='line_1_18' title="bbox 461 3426 1810 3537; baseline 0 -25"><span class='ocrx_word' id='word_1_134' title='bbox 461 3447 504 3512; x_wconf 87' lang='lat' dir='ltr'>et</span> <span class='ocrx_word' id='word_1_135' title='bbox 523 3431 805 3512; x_wconf 73' lang='lat' dir='ltr'>Gaaoourus</span> <span class='ocrx_word' id='word_1_136' title='bbox 825 3460 851 3511; x_wconf 87' lang='lat' dir='ltr'>a</span> <span class='ocrx_word' id='word_1_137' title='bbox 868 3431 945 3512; x_wconf 85' lang='lat' dir='ltr'>St⁰.</span> <span class='ocrx_word' id='word_1_138' title='bbox 967 3428 1175 3522; x_wconf 66' lang='lat' dir='ltr'>Vincentm</span> <span class='ocrx_word' id='word_1_139' title='bbox 1204 3455 1371 3537; x_wconf 90' lang='lat' dir='ltr'>quorum</span> <span class='ocrx_word' id='word_1_140' title='bbox 1389 3445 1430 3507; x_wconf 90' lang='lat' dir='ltr'>et</span> <span class='ocrx_word' id='word_1_141' title='bbox 1448 3426 1641 3536; x_wconf 83' lang='lat' dir='ltr'>posterior,</span> <span class='ocrx_word' id='word_1_142' title='bbox 1661 3429 1810 3536; x_wconf 85' lang='lat' dir='ltr'>primus</span> 
     </span>
     <span class='ocr_line' id='line_1_19' title="bbox 459 3563 1810 3679; baseline -0.003 -28"><span class='ocrx_word' id='word_1_143' title='bbox 459 3568 639 3651; x_wconf 86' lang='lat' dir='ltr'>omnium</span> <span class='ocrx_word' id='word_1_144' title='bbox 667 3568 859 3679; x_wconf 84' lang='lat' dir='ltr'>perspexit</span> <span class='ocrx_word' id='word_1_145' title='bbox 889 3582 919 3620; x_wconf 87' lang='lat'>“</span> <span class='ocrx_word' id='word_1_146' title='bbox 931 3568 1086 3662; x_wconf 85' lang='lat' dir='ltr'>miram,</span> <span class='ocrx_word' id='word_1_147' title='bbox 1117 3583 1164 3648; x_wconf 92' lang='lat' dir='ltr'>ut</span> <span class='ocrx_word' id='word_1_148' title='bbox 1192 3566 1308 3675; x_wconf 88' lang='lat' dir='ltr'>ipfius</span> <span class='ocrx_word' id='word_1_149' title='bbox 1345 3563 1472 3646; x_wconf 80' lang='lat' dir='ltr'>verbis</span> <span class='ocrx_word' id='word_1_150' title='bbox 1506 3581 1606 3658; x_wconf 85' lang='lat' dir='ltr'>utar,</span> <span class='ocrx_word' id='word_1_151' title='bbox 1643 3565 1810 3675; x_wconf 85' lang='lat' dir='ltr'>parabo·</span> 
     </span>
     <span class='ocr_line' id='line_1_20' title="bbox 459 3702 1808 3817; baseline -0.012 -29"><span class='ocrx_word' id='word_1_152' title='bbox 459 3704 586 3790; x_wconf 89' lang='lat' dir='ltr'>larum</span> <span class='ocrx_word' id='word_1_153' title='bbox 622 3707 887 3817; x_wconf 86' lang='lat' dir='ltr'>parallelarum</span> <span class='ocrx_word' id='word_1_154' title='bbox 921 3707 986 3814; x_wconf 91' lang='lat' dir='ltr'>(id</span> <span class='ocrx_word' id='word_1_155' title='bbox 1024 3705 1096 3798; x_wconf 91' lang='lat' dir='ltr'>est,</span> <span class='ocrx_word' id='word_1_156' title='bbox 1128 3702 1497 3813; x_wconf 87' lang='lat' dir='ltr'>asymptoticarum)</span> <span class='ocrx_word' id='word_1_157' title='bbox 1530 3728 1625 3783; x_wconf 91' lang='lat' dir='ltr'>cum</span> <span class='ocrx_word' id='word_1_158' title='bbox 1661 3702 1808 3814; x_wconf 88' lang='lat' dir='ltr'>hyper.</span> 
     </span>
    </p>
   </div>
   <div class='ocr_carea' id='block_1_7' title="bbox 459 3839 1959 3964">
    <p class='ocr_par' dir='ltr' id='par_1_8' title="bbox 459 3839 1959 3964">
     <span class='ocr_line' id='line_1_21' title="bbox 459 3839 1959 3964; baseline 0.001 -39"><span class='ocrx_word' id='word_1_159' title='bbox 459 3843 551 3925; x_wconf 88' lang='lat' dir='ltr'>bola</span> <span class='ocrx_word' id='word_1_160' title='bbox 582 3847 684 3964; x_wconf 78' lang='lat' dir='ltr'>inter</span> <span class='ocrx_word' id='word_1_161' title='bbox 720 3845 955 3953; x_wconf 82' lang='lat' dir='ltr'>asymptotos</span> <span class='ocrx_word' id='word_1_162' title='bbox 991 3841 1212 3934; x_wconf 86' lang='lat' dir='ltr'>constituta,</span> <span class='ocrx_word' id='word_1_163' title='bbox 1251 3839 1638 3947; x_wconf 80' lang='lat' dir='ltr'>symbolisationem.”</span> <span class='ocrx_word' id='word_1_164' title='bbox 1686 3842 1807 3926; x_wconf 91' lang='lat' dir='ltr'>Porro</span> <span class='ocrx_word' id='word_1_165' title='bbox 1957 3865 1959 3870; x_wconf 84' lang='grc'><strong>’</strong></span> 
     </span>
    </p>
   </div>
   <div class='ocr_carea' id='block_1_8' title="bbox 459 3978 1805 4091">
    <p class='ocr_par' dir='ltr' id='par_1_9' title="bbox 459 3978 1805 4091">
     <span class='ocr_line' id='line_1_22' title="bbox 459 3978 1805 4091; baseline -0.001 -27"><span class='ocrx_word' id='word_1_166' title='bbox 459 4001 592 4065; x_wconf 84' lang='lat' dir='ltr'>autem</span> <span class='ocrx_word' id='word_1_167' title='bbox 622 4001 662 4065; x_wconf 89' lang='lat' dir='ltr'>et</span> <span class='ocrx_word' id='word_1_168' title='bbox 686 3983 735 4065; x_wconf 84' lang='lat' dir='ltr'>de</span> <span class='ocrx_word' id='word_1_169' title='bbox 753 3986 900 4065; x_wconf 85' lang='lat' dir='ltr'>ratione</span> <span class='ocrx_word' id='word_1_170' title='bbox 925 4008 969 4062; x_wconf 88' lang='lat' dir='ltr'>ea</span> <span class='ocrx_word' id='word_1_171' title='bbox 987 3983 1136 4091; x_wconf 86' lang='lat' dir='ltr'>primus</span> <span class='ocrx_word' id='word_1_172' title='bbox 1155 3980 1237 4087; x_wconf 89' lang='lat' dir='ltr'>egit</span> <span class='ocrx_word' id='word_1_173' title='bbox 1265 3979 1364 4063; x_wconf 89' lang='lat' dir='ltr'>inter</span> <span class='ocrx_word' id='word_1_174' title='bbox 1383 3978 1544 4061; x_wconf 72' lang='lat' dir='ltr'>Sebiores</span> <span class='ocrx_word' id='word_1_175' title='bbox 1562 3978 1805 4089; x_wconf 64' lang='lat' dir='ltr'>hyperbolicos</span> 
     </span>
    </p>
   </div>
   <div class='ocr_carea' id='block_1_9' title="bbox 457 4114 1910 5069">
    <p class='ocr_par' dir='ltr' id='par_1_10' title="bbox 457 4114 1802 4507">
     <span class='ocr_line' id='line_1_23' title="bbox 457 4114 1800 4230; baseline -0.002 -28"><span class='ocrx_word' id='word_1_176' title='bbox 457 4136 499 4204; x_wconf 85' lang='lat' dir='ltr'>et</span> <span class='ocrx_word' id='word_1_177' title='bbox 523 4121 722 4230; x_wconf 83' lang='lat' dir='ltr'>asymptoti</span> <span class='ocrx_word' id='word_1_178' title='bbox 735 4125 948 4230; x_wconf 82' lang='lat' dir='ltr'>segmenta,</span> <span class='ocrx_word' id='word_1_179' title='bbox 976 4145 1063 4227; x_wconf 85' lang='lat' dir='ltr'>quae</span> <span class='ocrx_word' id='word_1_180' title='bbox 1081 4117 1251 4225; x_wconf 85' lang='lat' dir='ltr'>ejusdem</span> <span class='ocrx_word' id='word_1_181' title='bbox 1273 4114 1331 4195; x_wconf 88' lang='lat' dir='ltr'>est</span> <span class='ocrx_word' id='word_1_182' title='bbox 1346 4114 1494 4226; x_wconf 84' lang='lat' dir='ltr'>generis</span> <span class='ocrx_word' id='word_1_183' title='bbox 1520 4142 1614 4198; x_wconf 88' lang='lat' dir='ltr'>cum</span> <span class='ocrx_word' id='word_1_184' title='bbox 1642 4119 1800 4221; x_wconf 87' lang='lat' dir='ltr'>ratione,</span> 
     </span>
     <span class='ocr_line' id='line_1_24' title="bbox 461 4254 1802 4369; baseline 0 -30"><span class='ocrx_word' id='word_1_185' title='bbox 461 4286 583 4369; x_wconf 89' lang='lat' dir='ltr'>quam</span> <span class='ocrx_word' id='word_1_186' title='bbox 615 4258 761 4341; x_wconf 91' lang='lat' dir='ltr'>habent</span> <span class='ocrx_word' id='word_1_187' title='bbox 785 4255 1030 4367; x_wconf 86' lang='lat' dir='ltr'>Logarithmi</span> <span class='ocrx_word' id='word_1_188' title='bbox 1058 4257 1107 4339; x_wconf 84' lang='lat' dir='ltr'>ad</span> <span class='ocrx_word' id='word_1_189' title='bbox 1140 4281 1319 4339; x_wconf 89' lang='lat' dir='ltr'>numeros</span> <span class='ocrx_word' id='word_1_190' title='bbox 1344 4255 1414 4364; x_wconf 92' lang='lat' dir='ltr'>qui</span> <span class='ocrx_word' id='word_1_191' title='bbox 1443 4255 1485 4335; x_wconf 88' lang='lat' dir='ltr'>in</span> <span class='ocrx_word' id='word_1_192' title='bbox 1505 4254 1662 4336; x_wconf 87' lang='lat' dir='ltr'>Canone</span> <span class='ocrx_word' id='word_1_193' title='bbox 1680 4257 1802 4340; x_wconf 87' lang='lat' dir='ltr'>Anti·</span> 
     </span>
     <span class='ocr_line' id='line_1_25' title="bbox 459 4394 1058 4507; baseline 0.003 -31"><span class='ocrx_word' id='word_1_194' title='bbox 459 4394 733 4505; x_wconf 86' lang='lat' dir='ltr'>logarithmico</span> <span class='ocrx_word' id='word_1_195' title='bbox 751 4401 797 4480; x_wconf 89' lang='lat' dir='ltr'>iis</span> <span class='ocrx_word' id='word_1_196' title='bbox 816 4396 1058 4507; x_wconf 88' lang='lat' dir='ltr'>respondent.</span> 
     </span>
    </p>

    <p class='ocr_par' dir='ltr' id='par_1_11' title="bbox 457 4509 1910 4929">
     <span class='ocr_line' id='line_1_26' title="bbox 513 4509 1910 4649; baseline 0.003 -35"><span class='ocrx_word' id='word_1_197' title='bbox 513 4537 689 4616; x_wconf 70' lang='lat' dir='ltr'>Auctarii</span> <span class='ocrx_word' id='word_1_198' title='bbox 708 4538 794 4619; x_wconf 90' lang='lat' dir='ltr'>loco</span> <span class='ocrx_word' id='word_1_199' title='bbox 813 4537 860 4618; x_wconf 90' lang='lat' dir='ltr'>ad</span> <span class='ocrx_word' id='word_1_200' title='bbox 873 4564 918 4619; x_wconf 85' lang='lat' dir='ltr'>ca</span> <span class='ocrx_word' id='word_1_201' title='bbox 937 4565 1023 4649; x_wconf 84' lang='lat' dir='ltr'>quae</span> <span class='ocrx_word' id='word_1_202' title='bbox 1047 4532 1095 4617; x_wconf 87' lang='lat' dir='ltr'>de</span> <span class='ocrx_word' id='word_1_203' title='bbox 1112 4534 1334 4644; x_wconf 88' lang='lat' dir='ltr'>asymptotis</span> <span class='ocrx_word' id='word_1_204' title='bbox 1353 4534 1408 4616; x_wconf 87' lang='lat' dir='ltr'>ita</span> <span class='ocrx_word' id='word_1_205' title='bbox 1425 4532 1561 4615; x_wconf 87' lang='lat' dir='ltr'>tradita</span> <span class='ocrx_word' id='word_1_206' title='bbox 1578 4532 1679 4628; x_wconf 86' lang='lat' dir='ltr'>sunt,</span> <span class='ocrx_word' id='word_1_207' title='bbox 1707 4538 1799 4645; x_wconf 91' lang='lat' dir='ltr'>pos-</span> <span class='ocrx_word' id='word_1_208' title='bbox 1819 4534 1823 4547; x_wconf 80' lang='lat'>&#39;</span> <span class='ocrx_word' id='word_1_209' title='bbox 1906 4509 1910 4515; x_wconf 24' lang='lat'>¹</span> 
     </span>
     <span class='ocr_line' id='line_1_27' title="bbox 457 4674 1799 4787; baseline 0 -31"><span class='ocrx_word' id='word_1_210' title='bbox 457 4689 583 4756; x_wconf 83' lang='lat' dir='ltr'>tremo</span> <span class='ocrx_word' id='word_1_211' title='bbox 600 4677 753 4786; x_wconf 82' lang='lat' dir='ltr'>acceffit</span> <span class='ocrx_word' id='word_1_212' title='bbox 784 4676 880 4758; x_wconf 89' lang='lat' dir='ltr'>illud</span> <span class='ocrx_word' id='word_1_213' title='bbox 905 4677 1012 4787; x_wconf 94' lang='lat' dir='ltr'>quod</span> <span class='ocrx_word' id='word_1_214' title='bbox 1036 4677 1085 4758; x_wconf 90' lang='lat' dir='ltr'>ab</span> <span class='ocrx_word' id='word_1_215' title='bbox 1120 4676 1424 4756; x_wconf 75' lang='lat' dir='ltr'>Hanrrrono</span> <span class='ocrx_word' id='word_1_216' title='bbox 1444 4674 1706 4783; x_wconf 84' lang='lat' dir='ltr'>excogitatum</span> <span class='ocrx_word' id='word_1_217' title='bbox 1730 4676 1799 4764; x_wconf 88' lang='lat' dir='ltr'>est,</span> 
     </span>
     <span class='ocr_line' id='line_1_28' title="bbox 460 4811 1800 4929; baseline 0.004 -35"><span class='ocrx_word' id='word_1_218' title='bbox 460 4811 828 4929; x_wconf 60' lang='lat' dir='ltr'>Neutrum-{rt</span> <span class='ocrx_word' id='word_1_219' title='bbox 870 4816 1064 4903; x_wconf 82' lang='lat' dir='ltr'>Parabolae</span> <span class='ocrx_word' id='word_1_220' title='bbox 1105 4815 1304 4911; x_wconf 74' lang='lat' dir='ltr'>dimeter,</span> <span class='ocrx_word' id='word_1_221' title='bbox 1348 4813 1410 4897; x_wconf 85' lang='lat' dir='ltr'>vel</span> <span class='ocrx_word' id='word_1_222' title='bbox 1446 4818 1548 4901; x_wconf 73' lang='lat' dir='ltr'>tetta</span> <span class='ocrx_word' id='word_1_223' title='bbox 1584 4813 1800 4924; x_wconf 87' lang='lat' dir='ltr'>asymptoto</span> 
     </span>
    </p>

    <p class='ocr_par' dir='ltr' id='par_1_12' title="bbox 1561 4953 1800 5069">
     <span class='ocr_line' id='line_1_29' title="bbox 1561 4953 1800 5069; baseline -0.013 -30"><span class='ocrx_word' id='word_1_224' title='bbox 1561 4953 1800 5069; x_wconf 82' lang='lat' dir='ltr'>Hyperbolae</span> 
     </span>
    </p>
   </div>
   <div class='ocr_carea' id='block_1_10' title="bbox 0 0 2596 6600">
    <p class='ocr_par' dir='ltr' id='par_1_13' title="bbox 0 0 2596 6600">
     <span class='ocr_line' id='line_1_30' title="bbox 0 0 2596 6600; baseline 0 5"><span class='ocrx_word' id='word_1_225' title='bbox 0 0 2596 6600; x_wconf 95' lang='lat' dir='ltr'> </span> 
     </span>
    </p>
   </div>
  </div>
 </body>
</html>
