5184 6600
738 1056 740 1062 ,
829 838 1005 1093 Caput
1047 929 1354 1045 Secundum.
1633 972 1667 1087 3
1672 973 1707 1089 ‚3
1717 974 1750 1090 3

398 1217 490 1287 ‚rum
508 1186 718 1282 scientiam,
739 1186 873 1300 procul
888 1185 1006 1267 dubio
1021 1211 1176 1294 quoque
1190 1185 1339 1265 invenit
1352 1182 1482 1273 multis
1493 1185 1576 1293 jam
1588 1205 1675 1266 ante
1690 1189 1755 1271 sna
1801 1232 1925 1268 mm.

402 1328 519 1437 ipfius
544 1345 716 1440 tempora
744 1326 990 1409 incrementis
1015 1329 1181 1417 austum,
1212 1352 1306 1405 cum
1327 1343 1456 1406 tamen
1476 1324 1569 1405 illud
1588 1356 1656 1408 nos
1676 1327 1754 1411 fere
1822 1298 1902 1336 m

402 1467 561 1548 omnino
597 1469 726 1562 lateat,
761 1469 902 1577 quibus
937 1466 1125 1575 praecipue
1159 1464 1369 1544 rationibus
1402 1491 1489 1544 eam
1522 1467 1755 1576 antiquiores

402 1606 676 1688 Mathematici
694 1629 850 1688 eatenus
871 1621 1136 1715 provexerant.
1167 1605 1313 1711 Liquet
1331 1605 1601 1687 tantummodo
1616 1607 1754 1690 seuro-

401 1775 498 1828 num
515 1747 733 1828 affectiones
754 1745 940 1827 tradidisse
958 1773 1037 1839 eos,
1070 1762 1116 1825 ut
1143 1746 1253 1854 supra
1279 1748 1622 1843 memoravimus*
1644 1752 1753 1859 post-

402 1914 521 1994 quam
545 1914 592 1967 ex
610 1888 708 1968 conis
726 1887 850 1974 tribus
867 1887 1020 1991 diversts
1045 1886 1223 1966 sestiones
1253 1885 1349 1996 ipsas
1379 1888 1483 1995 prius
1510 1886 1728 1972 derivarunt
1738 1928 1752 1985 3

402 2028 507 2133 quod
527 2030 672 2108 interea
696 2028 925 2139 Apollonius
954 2028 1275 2135 supervacaneum
1299 2026 1371 2107 effe
1391 2028 1518 2108 secum
1549 2030 1753 2112 arbitratus

401 2165 456 2244 est
473 2201 486 2257 ς
521 2166 654 2247 deinde
674 2168 821 2277 primus
840 2138 934 2249 illud
953 2188 991 2250 et
1009 2193 1103 2246 cum
1121 2194 1261 2275 magna
1278 2167 1424 2275 ingenii
1443 2166 1553 2249 laude
1572 2170 1752 2265 ostendit,

401 2305 598 2412 quomodo
617 2333 816 2415 perunum
835 2306 1050 2417 eumdemque
1069 2335 1210 2399 cunum,
1244 2307 1319 2388 five
1340 2310 1463 2387 restus
1481 2308 1545 2389 ille
1564 2327 1631 2389 aut
1648 2311 1753 2391 obli·

402 2469 500 2550 quus
515 2442 643 2537 fuerit,
663 2445 777 2526 festio
796 2445 975 2553 quaelibet
994 2464 1035 2526 et
1054 2474 1187 2526 omnes
1206 2444 1317 2525 facile
1335 2445 1476 2527 confici
1493 2447 1657 2556 possent.

457 2583 548 2687 Jam
566 2600 696 2664 autem
715 2602 760 2663 ut
780 2584 991 2663 Tironibus
1011 2587 1175 2694 apertior
1194 2586 1255 2676 fit,
1285 2611 1403 2691 quam
1422 2585 1572 2666 secutus
1588 2581 1647 2672 est
1665 2616 1752 2670 me-

392 2717 581 2816 ·thodum,
609 2723 757 2831 primus
788 2724 987 2833 Apollonii
1017 2725 1065 2803 de
1096 2724 1252 2803 Conicis
1284 2724 1404 2806 Liber
1432 2724 1482 2803 ab
1515 2722 1672 2834 epistola
1704 2729 1753 2809 ad

402 2860 625 2944 Eudemum
642 2862 870 2973 auspicatur,
898 2866 939 2945 in
958 2863 1034 2970 qus
1053 2863 1100 2947 de
1119 2864 1193 2943 suis
1212 2864 1289 2973 ipse
1308 2865 1507 2973 propositis
1525 2866 1578 2944 ita
1596 2865 1752 2952 disserit.

403 3014 431 3049 “
453 3001 516 3080 Ex
534 3005 621 3081 ooo
641 3019 774 3081 autem
791 3002 897 3084 libris
918 3020 1082 3111 quatuor
1099 3005 1217 3114 primi
1240 3002 1357 3113 hujus
1385 3005 1592 3114 disciplinae
1618 3011 1752 3090 conti·

400 3158 495 3218 nent
509 3138 714 3235 elementa;
731 3169 898 3249 quorum
905 3141 1061 3226 Primus
1072 3144 1345 3251 complectitur
1359 3144 1615 3256 generationes
1632 3147 1753 3239 trium

402 3260 491 3358 coni
511 3278 737 3376 sectionum,
752 3298 934 3362 erearum
950 3309 1035 3391 quae
1046 3284 1229 3393 opposrtae
1241 3283 1440 3378 dicuntur,
1454 3286 1627 3393 itemque
1640 3290 1751 3397 prin·

402 3419 537 3527 cipalia
565 3420 731 3530 ipsarum
763 3421 986 3515 accidentia,
1014 3424 1166 3505 anobis
1185 3441 1225 3503 et
1244 3424 1398 3503 uberius
1422 3441 1461 3503 et
1491 3424 1752 3522 universalius,

403 3589 523 3669 quam
552 3561 600 3645 ab
629 3562 725 3657 aliis,
755 3561 888 3671 quide
905 3589 949 3642 ea
975 3590 1015 3646 re
1043 3563 1284 3674 scripserunt,
1315 3555 1517 3645 elaborata.
1567 3565 1752 3648 Secundus

398 3701 498 3809 *liber
516 3705 651 3789 traslat
668 3730 725 3793 ea,
758 3730 843 3809 quae
861 3702 1023 3787 attinent
1042 3707 1091 3786 ad
1108 3705 1328 3792 diametros,
1357 3720 1396 3780 et
1424 3703 1472 3781 ad
1499 3730 1588 3783 axes
1612 3703 1750 3784 sectio-

403 3867 513 3932 num,
545 3839 650 3919 etad
669 3840 1067 3946 renasatymptotos3
1097 3858 1186 3921 tum
1215 3839 1263 3923 de
1294 3840 1375 3918 aliis
1408 3838 1564 3933 disserit,
1595 3870 1680 3948 quae
1710 3864 1751 3925 et

339 4027 343 4036 ·
400 3977 616 4088 generalem
646 3998 684 4059 et
711 3976 955 4059 necessariam
985 3979 1195 4071 utilitatem
1219 3978 1265 4057 ad
1293 3967 1632 4061 determinationes.
1649 3980 1748 4063 affe·
1800 4009 1806 4015 ·

402 4094 520 4200 runt:
551 4143 645 4226 quas
664 4136 794 4196 autem
808 4143 948 4211 vocem
963 4118 1180 4209 diametros,
1200 4135 1238 4197 et
1253 4145 1350 4230 quos
1368 4135 1470 4209 axes,
1491 4145 1539 4198 ex
1557 4118 1633 4200 hoc
1652 4120 1750 4203 libro
1888 4231 1891 4237 Ι

402 4256 622 4365 cognosces.
670 4250 821 4349 Tertius
839 4255 934 4335 liber
952 4258 1122 4350 continet
1142 4258 1265 4336 multa
1283 4254 1322 4336 et
1342 4239 1574 4339 admirabilia
1594 4258 1749 4366 theore-

402 4413 519 4495 mata,
539 4424 623 4503 quae
642 4394 753 4474 utilia
770 4414 881 4473 erunt
900 4415 940 4475 et
958 4395 1005 4474 ad
1019 4394 1223 4476 solidorum
1243 4395 1418 4475 locorum
1436 4397 1747 4504 compofitiones,

403 4536 507 4643 etad
526 4532 869 4633 determinationes,
892 4519 1066 4643 'quorum
1095 4536 1296 4643 complura
1326 4553 1364 4616 et
1394 4532 1558 4645 pulchra
1584 4555 1623 4618 et
1650 4566 1750 4648 nova

399 4674 506 4784 sunt.
550 4675 722 4778 Quartus
740 4673 838 4753 liber
857 4673 972 4756 tradit
991 4689 1087 4780 quot
1104 4674 1228 4757 modis
1247 4664 1432 4800 cenorum
1451 4673 1631 4759 sestiones
1650 4677 1751 4759 inter

409 4886 1749 4930 *mm-ww

811 4989 926 5052 ⁰vide
947 4991 1020 5071 Cap.
1036 4992 1062 5054 1.
1081 5010 1150 5073 pag.
1165 5012 1235 5076 329.
1661 5077 1721 5160 ss

1677 5108 1696 5157 e
1712 5106 1747 5176 e,
